
<?xml version="1.0"?>
<record>
  <leader>01356nam a2200301 a 4500</leader>
  <controlfield tag="008">860305s1962    et            000 0 amh d</controlfield>
  <datafield ind1=" " ind2=" " tag="020">
    <subfield code="a">9966403299</subfield>
  </datafield>
  <datafield ind1=" " ind2=" " tag="035">
    <subfield code="a">(OCoLC)13238606</subfield>
  </datafield>
  <datafield ind1=" " ind2=" " tag="040">
    <subfield code="a">TSW</subfield>
    <subfield code="c">TSW</subfield>
    <subfield code="d">EWF</subfield>
    <subfield code="d">TxDaGIAL</subfield>
  </datafield>
  <datafield ind1="1" ind2=" " tag="041">
    <subfield code="a">amh</subfield>
  </datafield>
  <datafield ind1="0" ind2="4" tag="082">
    <subfield code="a">220.5/928/7</subfield>
    <subfield code="2">22</subfield>
  </datafield>
  <datafield ind1=" " ind2=" " tag="090">
    <subfield code="a">BS325.A6</subfield>
    <subfield code="b">1962</subfield>
  </datafield>
  <datafield ind1="0" ind2=" " tag="130">
    <subfield code="a">Bible.</subfield>
    <subfield code="l">Amharic.</subfield>
    <subfield code="f">1962.</subfield>
  </datafield>
  <datafield ind1="1" ind2="0" tag="245">
    <subfield code="a">Ma&#xA3;&#x300;&#x110;e&#x131;&#x300;&#xC6;af qedus :</subfield>
    <subfield code="b">yabeluyn&#x266F; ya&#x131;&#x300;&#xC6;adis kid&#x266F;n ma&#xA3;&#x300;&#x110;&#x266F;&#x131;&#x300;&#xC6;eft.</subfield>
  </datafield>
  <datafield ind1="1" ind2=" " tag="246">
    <subfield code="a">[The Bible in Amharic]</subfield>
  </datafield>
  <datafield ind1=" " ind2=" " tag="260">
    <subfield code="a">[Ethiopia] :</subfield>
    <subfield code="b">Ya'Ityo &#x110;py&#x266F; Ma&#xA3;&#x300;&#x110;e&#x131;&#x300;&#xC6;af Qedus M&#x266F; &#xF8;hebar ;</subfield>
    <subfield code="a">Nairobi, Kenya :</subfield>
    <subfield code="b">United Bible Societies, Africa Regional Centre,</subfield>
    <subfield code="c">1962 ;</subfield>
    <subfield code="e">[Addis Ababa, Ethiopia] :</subfield>
    <subfield code="f">Berh&#x266F;nen&#x266F; Sal&#x266F;m m&#x266F;tamiy&#x266F; b&#xA9;&#x266D;t</subfield>
  </datafield>
  <datafield ind1=" " ind2=" " tag="300">
    <subfield code="a">719, 236 p. ;</subfield>
    <subfield code="c">21 cm.</subfield>
  </datafield>
  <datafield ind1=" " ind2=" " tag="500">
    <subfield code="a">"The Bible in Amharic" -- t.p. verso.</subfield>
  </datafield>
  <datafield ind1=" " ind2=" " tag="500">
    <subfield code="a">Individual books available in digital downloadable format at http://ethiobible.org/revised_amharic_bible.html. Adobe Acrobat Reader needed for these PDF files.</subfield>
  </datafield>
  <datafield ind1=" " ind2=" " tag="546">
    <subfield code="a">In Amharic.</subfield>
  </datafield>
  <datafield ind1=" " ind2=" " tag="590">
    <subfield code="a">amh</subfield>
    <subfield code="2">Ethnologue 15 = ISO 639-3</subfield>
  </datafield>
  <datafield ind1="2" ind2=" " tag="710">
    <subfield code="a">United Bible Societies.</subfield>
  </datafield>
  <datafield ind1="4" ind2=" " tag="856">
    <subfield code="a">http://ethiobible.org/revised_amharic_bible.html</subfield>
    <subfield code="a">ethiobible.org</subfield>
    <subfield code="q">PDF</subfield>
  </datafield>
  <datafield ind1=" " ind2=" " tag="035">
    <subfield code="a">(TxDaGIAL)37741100035075</subfield>
  </datafield>
  <controlfield tag="005">20080624172552.0</controlfield>
  <controlfield tag="001">28047</controlfield>
  <controlfield tag="003">TxDaGIAL</controlfield>
  <datafield ind1=" " ind2=" " tag="852">
    <subfield code="p">37741100035075</subfield>
    <subfield code="a">Library</subfield>
    <subfield code="9">$0.00</subfield>
    <subfield code="x">FUND:Gift</subfield>
    <subfield code="x">COPYID:35040</subfield>
    <subfield code="x">FSC@aRegular@c20071030</subfield>
    <subfield code="h">220.59287 A515m 1962</subfield>
    <subfield code="z">GiftDr. Eshetu Abate 8-01</subfield>
  </datafield>
</record>