
<?xml version="1.0"?>
<record>
  <leader>01265cam a2200301 a 4500</leader>
  <controlfield tag="008">981217s1995    cm ab         000 0 gba  </controlfield>
  <datafield ind1=" " ind2=" " tag="010">
    <subfield code="a">   98981762</subfield>
  </datafield>
  <datafield ind1=" " ind2=" " tag="020">
    <subfield code="a">9966405844 (062P)</subfield>
  </datafield>
  <datafield ind1=" " ind2=" " tag="020">
    <subfield code="a">9966405852 (067P)</subfield>
  </datafield>
  <datafield ind1=" " ind2=" " tag="040">
    <subfield code="a">DLC</subfield>
    <subfield code="c">DLC</subfield>
    <subfield code="d">TxDaGIAL</subfield>
  </datafield>
  <datafield ind1="0" ind2=" " tag="041">
    <subfield code="a">gba</subfield>
  </datafield>
  <datafield ind1=" " ind2=" " tag="042">
    <subfield code="a">lcode</subfield>
  </datafield>
  <datafield ind1="0" ind2="4" tag="082">
    <subfield code="a">220.5/96361</subfield>
    <subfield code="2">22</subfield>
  </datafield>
  <datafield ind1="0" ind2=" " tag="130">
    <subfield code="a">Bible.</subfield>
    <subfield code="l">Gbaya.</subfield>
    <subfield code="f">1995.</subfield>
  </datafield>
  <datafield ind1="1" ind2="0" tag="245">
    <subfield code="a">Kalata Ko  &#x111;S &#x2B9;o :</subfield>
    <subfield code="b">Gb &#x2B9;a   &#x2B9;a N &#x111;o &#x111;o-T &#x111;ok in Mbe N &#x111;o &#x111;o-T &#x111;ok.</subfield>
  </datafield>
  <datafield ind1=" " ind2=" " tag="260">
    <subfield code="a">Yaound&#xA9;&#x266D; :</subfield>
    <subfield code="b">Alliance biblique du Cameroun,</subfield>
    <subfield code="c">1995.</subfield>
  </datafield>
  <datafield ind1=" " ind2=" " tag="300">
    <subfield code="a">viii, 1029, 328 p. :</subfield>
    <subfield code="b">ill., col. maps ;</subfield>
    <subfield code="c">22 cm.</subfield>
  </datafield>
  <datafield ind1=" " ind2=" " tag="500">
    <subfield code="a">Maps on end papers.</subfield>
  </datafield>
  <datafield ind1=" " ind2=" " tag="500">
    <subfield code="a">Title contains a phonetic symbol of a backwards "&#xA9;&#x2B9;" (c cedilla) as the last letter of the last word. Subtitle contains additional phonetic symbols of "a" cedillas and some backwards "c".</subfield>
  </datafield>
  <datafield ind1=" " ind2=" " tag="546">
    <subfield code="a">In Northwest Gbaya, an Adamawa-Ubangi language of Cameroon and Central African Republic.</subfield>
  </datafield>
  <datafield ind1=" " ind2=" " tag="590">
    <subfield code="a">gya</subfield>
    <subfield code="2">Ethnologue 15 = ISO 639-3</subfield>
  </datafield>
  <datafield ind1=" " ind2="0" tag="650">
    <subfield code="a">Gbaya language</subfield>
    <subfield code="v">Texts.</subfield>
  </datafield>
  <datafield ind1="2" ind2=" " tag="710">
    <subfield code="a">Alliance biblique du Cameroun.</subfield>
  </datafield>
  <datafield ind1=" " ind2=" " tag="035">
    <subfield code="a">(TxDaGIAL)37741100035129</subfield>
  </datafield>
  <controlfield tag="005">20080624172552.0</controlfield>
  <controlfield tag="001">28048</controlfield>
  <controlfield tag="003">TxDaGIAL</controlfield>
  <datafield ind1=" " ind2=" " tag="852">
    <subfield code="p">37741100035129</subfield>
    <subfield code="a">Library</subfield>
    <subfield code="9">$0.00</subfield>
    <subfield code="x">FUND:Gift</subfield>
    <subfield code="x">COPYID:35041</subfield>
    <subfield code="x">FSC@aRegular@c20071130</subfield>
    <subfield code="h">220.596361 G291n 1995</subfield>
    <subfield code="z">Gift Phillip Noss 8-07</subfield>
  </datafield>
</record>