
<?xml version="1.0"?>
<record>
  <leader>01435nam a2200313 a 4500</leader>
  <controlfield tag="008">020607s1988    fj ab         001 0 bis d</controlfield>
  <datafield ind1=" " ind2=" " tag="040">
    <subfield code="c">CUD</subfield>
    <subfield code="d">TxDaGIAL</subfield>
  </datafield>
  <datafield ind1="0" ind2=" " tag="041">
    <subfield code="a">bis</subfield>
  </datafield>
  <datafield ind1="0" ind2="4" tag="082">
    <subfield code="a">222/.11/599595</subfield>
    <subfield code="2">22</subfield>
  </datafield>
  <datafield ind1="0" ind2=" " tag="130">
    <subfield code="a">Bible.</subfield>
    <subfield code="p">O.T.</subfield>
    <subfield code="p">Genesis.</subfield>
    <subfield code="l">Bislama.</subfield>
    <subfield code="f">1988.</subfield>
  </datafield>
  <datafield ind1="1" ind2="0" tag="245">
    <subfield code="a">Ol fas man blong God :</subfield>
    <subfield code="b">Jenesis mo Eksodas long Bislama.</subfield>
  </datafield>
  <datafield ind1=" " ind2=" " tag="260">
    <subfield code="a">Suva, Fiji :</subfield>
    <subfield code="b">Kampani we i wokem buk ya Baebol Sosaete Blong Saot Pasifik,</subfield>
    <subfield code="c">1988.</subfield>
  </datafield>
  <datafield ind1=" " ind2=" " tag="300">
    <subfield code="a">189 p. :</subfield>
    <subfield code="b">ill., maps ;</subfield>
    <subfield code="c">21 cm.</subfield>
  </datafield>
  <datafield ind1=" " ind2=" " tag="500">
    <subfield code="a">With introduction to each book, chapter and section headings, references, footnotes, illustrations by Annie Vallotton, glossary, maps.--Cambridge University cataloging record.</subfield>
  </datafield>
  <datafield ind1=" " ind2=" " tag="500">
    <subfield code="a">Translated by Willie Mowa (Presbyterian), Charles Ling (Anglican), Morrie Tabi (Church of Christ), Bill Camden (Presbyterian).--Cambridge University cataloging record.</subfield>
  </datafield>
  <datafield ind1=" " ind2=" " tag="546">
    <subfield code="a">Genesis and Exodus in Vanuatu Bislama.</subfield>
  </datafield>
  <datafield ind1=" " ind2=" " tag="590">
    <subfield code="a">bis</subfield>
    <subfield code="2">Ethnologue 15: ISO/DIS 639-3</subfield>
  </datafield>
  <datafield ind1="1" ind2=" " tag="700">
    <subfield code="a">Mowa, Willie.</subfield>
  </datafield>
  <datafield ind1="1" ind2=" " tag="700">
    <subfield code="a">Ling, Charles.</subfield>
  </datafield>
  <datafield ind1="1" ind2=" " tag="700">
    <subfield code="a">Tabi, Morrie.</subfield>
  </datafield>
  <datafield ind1="1" ind2=" " tag="700">
    <subfield code="a">Camden, Bill.</subfield>
  </datafield>
  <datafield ind1="1" ind2=" " tag="700">
    <subfield code="a">Vallotton, Annie.</subfield>
  </datafield>
  <datafield ind1="2" ind2=" " tag="710">
    <subfield code="a">Bible Society in the South Pacific.</subfield>
  </datafield>
  <datafield ind1="0" ind2=" " tag="730">
    <subfield code="a">Bible.</subfield>
    <subfield code="p">O.T.</subfield>
    <subfield code="p">Exodus.</subfield>
    <subfield code="l">Bislama.</subfield>
    <subfield code="f">1988.</subfield>
  </datafield>
  <datafield ind1=" " ind2=" " tag="035">
    <subfield code="a">(TxDaGIAL)37741100029441</subfield>
  </datafield>
  <controlfield tag="005">20080624172553.0</controlfield>
  <controlfield tag="001">28049</controlfield>
  <controlfield tag="003">TxDaGIAL</controlfield>
  <datafield ind1=" " ind2=" " tag="852">
    <subfield code="p">37741100029441</subfield>
    <subfield code="a">Library</subfield>
    <subfield code="x">FUND:GIFT</subfield>
    <subfield code="x">COPYID:35042</subfield>
    <subfield code="x">FSC@aRegular@c20060209</subfield>
    <subfield code="h">222.11599595 B622 1988</subfield>
    <subfield code="z">Gift Rich &amp; Jackie Mansen 6-03</subfield>
  </datafield>
</record>