
<?xml version="1.0"?>
<record>
  <leader>01259nam a2200313 a 4500</leader>
  <controlfield tag="008">020607s1983    fj            000 0 eng d</controlfield>
  <datafield ind1=" " ind2=" " tag="020">
    <subfield code="a">0647093707</subfield>
  </datafield>
  <datafield ind1=" " ind2=" " tag="040">
    <subfield code="c">CUD</subfield>
    <subfield code="d">TxDaGIAL</subfield>
  </datafield>
  <datafield ind1="1" ind2=" " tag="041">
    <subfield code="a">bis</subfield>
  </datafield>
  <datafield ind1="0" ind2="4" tag="082">
    <subfield code="a">223/.2/599595</subfield>
    <subfield code="2">22</subfield>
  </datafield>
  <datafield ind1="0" ind2=" " tag="130">
    <subfield code="a">Bible.</subfield>
    <subfield code="p">O.T.</subfield>
    <subfield code="p">Psalms.</subfield>
    <subfield code="l">Bislama.</subfield>
    <subfield code="f">1983.</subfield>
  </datafield>
  <datafield ind1="1" ind2="0" tag="245">
    <subfield code="a">Ol Sam long Bislama.</subfield>
  </datafield>
  <datafield ind1=" " ind2=" " tag="260">
    <subfield code="a">Suva, Fiji :</subfield>
    <subfield code="b">Baebol Sosaete Blong Saot Pasifik,</subfield>
    <subfield code="c">1983.</subfield>
  </datafield>
  <datafield ind1=" " ind2=" " tag="300">
    <subfield code="a">269 p. ;</subfield>
    <subfield code="c">21cm.</subfield>
  </datafield>
  <datafield ind1=" " ind2=" " tag="500">
    <subfield code="a">With introduction, headings, footnotes, illustrations by Annie Vallotton, glossary.--Cambridge University cataloging record.</subfield>
  </datafield>
  <datafield ind1=" " ind2=" " tag="500">
    <subfield code="a">Translated by Willie Mowa (Vanuatu Christian Council), Charles Ling, Morrie Tabi, William Camden.--Cambridge University cataloging record.</subfield>
  </datafield>
  <datafield ind1=" " ind2=" " tag="546">
    <subfield code="a">Psalms in Bislama Vanuatu.</subfield>
  </datafield>
  <datafield ind1=" " ind2=" " tag="590">
    <subfield code="a">bis</subfield>
    <subfield code="2">Ethnologue 15: ISO/DIS 639-3</subfield>
  </datafield>
  <datafield ind1="1" ind2=" " tag="700">
    <subfield code="a">Mowa, Willie.</subfield>
  </datafield>
  <datafield ind1="1" ind2=" " tag="700">
    <subfield code="a">Ling, Charles.</subfield>
  </datafield>
  <datafield ind1="1" ind2=" " tag="700">
    <subfield code="a">Tabi, Morrie.</subfield>
  </datafield>
  <datafield ind1="1" ind2=" " tag="700">
    <subfield code="a">Camden, William,</subfield>
    <subfield code="d">1551-1623.</subfield>
  </datafield>
  <datafield ind1="1" ind2=" " tag="700">
    <subfield code="a">Vallotton, Annie.</subfield>
  </datafield>
  <datafield ind1="2" ind2=" " tag="710">
    <subfield code="a">Bible Society in the South Pacific.</subfield>
  </datafield>
  <datafield ind1=" " ind2=" " tag="035">
    <subfield code="a">(TxDaGIAL)37741100029443</subfield>
  </datafield>
  <controlfield tag="005">20080624172553.0</controlfield>
  <controlfield tag="001">28050</controlfield>
  <controlfield tag="003">TxDaGIAL</controlfield>
  <datafield ind1=" " ind2=" " tag="852">
    <subfield code="p">37741100029443</subfield>
    <subfield code="a">Library</subfield>
    <subfield code="9">$0.00</subfield>
    <subfield code="x">FUND:Gift</subfield>
    <subfield code="x">COPYID:35043</subfield>
    <subfield code="x">FSC@aRegular@c20060209</subfield>
    <subfield code="h">223.2599595 B622 1983</subfield>
    <subfield code="z">Gift Rich and Jackie Mansen 6-03</subfield>
  </datafield>
</record>