
<?xml version="1.0"?>
<record>
  <leader>01101nam a2200289 a 4500</leader>
  <controlfield tag="008">051024s2001    np b          000 0 inc d</controlfield>
  <datafield ind1=" " ind2=" " tag="020">
    <subfield code="a">9623273851</subfield>
  </datafield>
  <datafield ind1=" " ind2=" " tag="040">
    <subfield code="a">TxDaGIAL</subfield>
    <subfield code="c">TxDaGIAL</subfield>
  </datafield>
  <datafield ind1="1" ind2=" " tag="041">
    <subfield code="a">nepeng</subfield>
  </datafield>
  <datafield ind1="0" ind2="4" tag="082">
    <subfield code="a">225.59/1495</subfield>
    <subfield code="2">22</subfield>
  </datafield>
  <datafield ind1="0" ind2=" " tag="130">
    <subfield code="a">Bible.</subfield>
    <subfield code="p">N.T.</subfield>
    <subfield code="l">Nepali.</subfield>
    <subfield code="f">2001.</subfield>
  </datafield>
  <datafield ind1="1" ind2="0" tag="245">
    <subfield code="a">Nepali Pabitra Bibleko :</subfield>
    <subfield code="b">Naya Karar (Angregi ra Nepali) /</subfield>
    <subfield code="c">Nepal Bible Society.</subfield>
  </datafield>
  <datafield ind1="3" ind2="0" tag="246">
    <subfield code="a">Naya Karar</subfield>
  </datafield>
  <datafield ind1="3" ind2="5" tag="246">
    <subfield code="a">New Testament (English + Nepali)</subfield>
  </datafield>
  <datafield ind1=" " ind2=" " tag="260">
    <subfield code="a">Kathmandu, Nepal :</subfield>
    <subfield code="b">Nepal Bible Society,</subfield>
    <subfield code="c">2001.</subfield>
  </datafield>
  <datafield ind1=" " ind2=" " tag="300">
    <subfield code="a">821 p. :</subfield>
    <subfield code="b">maps (col.) ;</subfield>
    <subfield code="c">23 cm.</subfield>
  </datafield>
  <datafield ind1=" " ind2=" " tag="500">
    <subfield code="a">Added title page: New Testament (English + Nepali)</subfield>
  </datafield>
  <datafield ind1=" " ind2=" " tag="500">
    <subfield code="a">English text is the NRSV.</subfield>
  </datafield>
  <datafield ind1=" " ind2=" " tag="546">
    <subfield code="a">Parallel texts in English and Nepali.</subfield>
  </datafield>
  <datafield ind1=" " ind2=" " tag="590">
    <subfield code="a">nep</subfield>
    <subfield code="2">Ethnologue 15 = ISO/DIS 639-3</subfield>
  </datafield>
  <datafield ind1="2" ind2=" " tag="710">
    <subfield code="a">Nepal Bible Society.</subfield>
  </datafield>
  <datafield ind1="0" ind2=" " tag="730">
    <subfield code="a">Bible.</subfield>
    <subfield code="p">N.T..</subfield>
    <subfield code="l">English.</subfield>
    <subfield code="s">New Revised Standard.</subfield>
    <subfield code="f">2001.</subfield>
  </datafield>
  <datafield ind1=" " ind2=" " tag="035">
    <subfield code="a">(TxDaGIAL)37741100034442</subfield>
  </datafield>
  <controlfield tag="005">20080624172553.0</controlfield>
  <controlfield tag="001">28051</controlfield>
  <controlfield tag="003">TxDaGIAL</controlfield>
  <datafield ind1=" " ind2=" " tag="852">
    <subfield code="p">37741100034442</subfield>
    <subfield code="a">Library</subfield>
    <subfield code="9">$0.00</subfield>
    <subfield code="x">FUND:Gift</subfield>
    <subfield code="x">COPYID:35044</subfield>
    <subfield code="x">FSC@aRegular@c20070102</subfield>
    <subfield code="h">225.591495 N439n 2001</subfield>
    <subfield code="z">Gift Marlin Leaders 5-05</subfield>
  </datafield>
</record>