
<?xml version="1.0"?>
<record>
  <leader>01854cam a2200397 a 4500</leader>
  <controlfield tag="008">020607s1995    ke ab         000 0 swa d</controlfield>
  <datafield ind1=" " ind2=" " tag="020">
    <subfield code="a">9966405925</subfield>
  </datafield>
  <datafield ind1=" " ind2=" " tag="020">
    <subfield code="a">9966405933</subfield>
    <subfield code="z">(CLDC057P)</subfield>
  </datafield>
  <datafield ind1=" " ind2=" " tag="035">
    <subfield code="a">(OCoLC) 35816392</subfield>
  </datafield>
  <datafield ind1=" " ind2=" " tag="040">
    <subfield code="d">TxDaGIAL</subfield>
  </datafield>
  <datafield ind1="1" ind2=" " tag="041">
    <subfield code="a">swa</subfield>
  </datafield>
  <datafield ind1="0" ind2="4" tag="082">
    <subfield code="a">225.5/963/92</subfield>
    <subfield code="2">22</subfield>
  </datafield>
  <datafield ind1="0" ind2=" " tag="130">
    <subfield code="a">Bible.</subfield>
    <subfield code="l">Swahili.</subfield>
    <subfield code="s">Habari Njema.</subfield>
    <subfield code="f">1995.</subfield>
  </datafield>
  <datafield ind1="1" ind2="0" tag="245">
    <subfield code="a">Biblia :</subfield>
    <subfield code="b">Yenye Vitabu vya Deuterokanoni : Habari Njema : Tafsiri ya Ushirikiano wa Makanisa.</subfield>
  </datafield>
  <datafield ind1="3" ind2=" " tag="246">
    <subfield code="a">Bible with Deuterocanonicals in current Kiswahili</subfield>
  </datafield>
  <datafield ind1="3" ind2="0" tag="246">
    <subfield code="a">Habari Njema</subfield>
  </datafield>
  <datafield ind1=" " ind2=" " tag="250">
    <subfield code="a">[1st ed.].</subfield>
  </datafield>
  <datafield ind1=" " ind2=" " tag="260">
    <subfield code="a">Nairobi ;</subfield>
    <subfield code="a">Dodoma :</subfield>
    <subfield code="b">Vyama vya Biblia Kenya na Tanzania,</subfield>
    <subfield code="c">1995.</subfield>
  </datafield>
  <datafield ind1=" " ind2=" " tag="300">
    <subfield code="a">[8], 1136, [1], 300 p :</subfield>
    <subfield code="b">ill., maps ;</subfield>
    <subfield code="c">22cm.</subfield>
  </datafield>
  <datafield ind1=" " ind2=" " tag="500">
    <subfield code="a">"An Interconfessional Translation" -- t.p. verso.</subfield>
  </datafield>
  <datafield ind1=" " ind2=" " tag="500">
    <subfield code="a">With foreword by C.C. Davies, preface, introduction to each Testament and book, chapter and section headings, text in double column format, inter-Gospel references, references, footnotes, illustrations, glossary, list of Old and New Testament cross-references, colour endpaper maps.</subfield>
  </datafield>
  <datafield ind1=" " ind2=" " tag="500">
    <subfield code="a">United Bible Societies language: kiSwahili.</subfield>
  </datafield>
  <datafield ind1=" " ind2=" " tag="500">
    <subfield code="a">Translated by Peter M. Renju, et al.</subfield>
  </datafield>
  <datafield ind1=" " ind2=" " tag="546">
    <subfield code="a">In Swahili.</subfield>
  </datafield>
  <datafield ind1=" " ind2=" " tag="590">
    <subfield code="a">swh</subfield>
    <subfield code="2">Ethnologue 15 = ISO 639-3</subfield>
  </datafield>
  <datafield ind1=" " ind2="0" tag="650">
    <subfield code="a">Swahili language</subfield>
    <subfield code="v">Texts.</subfield>
  </datafield>
  <datafield ind1="2" ind2=" " tag="710">
    <subfield code="a">Bible Society of Kenya.</subfield>
  </datafield>
  <datafield ind1="2" ind2=" " tag="710">
    <subfield code="a">Bible Society of Tanzania.</subfield>
  </datafield>
  <datafield ind1="0" ind2=" " tag="730">
    <subfield code="a">Bible.</subfield>
    <subfield code="l">Swahili.</subfield>
    <subfield code="s">Renju et al..</subfield>
    <subfield code="f">1995.</subfield>
  </datafield>
  <datafield ind1="0" ind2=" " tag="730">
    <subfield code="a">Bible.</subfield>
    <subfield code="p">O.T.</subfield>
    <subfield code="p">Apocrypha.</subfield>
    <subfield code="l">Swahili.</subfield>
    <subfield code="s">Habari Njema.</subfield>
    <subfield code="f">1995.</subfield>
  </datafield>
  <datafield ind1="0" ind2=" " tag="730">
    <subfield code="a">Bible.</subfield>
    <subfield code="p">O.T.</subfield>
    <subfield code="p">Apocrypha.</subfield>
    <subfield code="l">Swahili.</subfield>
    <subfield code="s">Renju et al..</subfield>
    <subfield code="f">1995.</subfield>
  </datafield>
  <datafield ind1=" " ind2=" " tag="035">
    <subfield code="a">(TxDaGIAL)37741100035207</subfield>
  </datafield>
  <controlfield tag="005">20080624172553.0</controlfield>
  <controlfield tag="001">28053</controlfield>
  <controlfield tag="003">TxDaGIAL</controlfield>
  <datafield ind1=" " ind2=" " tag="852">
    <subfield code="p">37741100035207</subfield>
    <subfield code="a">Library</subfield>
    <subfield code="9">$0.00</subfield>
    <subfield code="x">FUND:Gift</subfield>
    <subfield code="x">COPYID:35046</subfield>
    <subfield code="x">FSC@aRegular@c20080130</subfield>
    <subfield code="h">225.596392 S971r 1995</subfield>
    <subfield code="z">Gift Bible Translation &amp; Literacy: The N.B.T.O. of Kenya 12-98</subfield>
  </datafield>
</record>