
<?xml version="1.0"?>
<record>
  <leader>01217cam a2200289 a 4500</leader>
  <controlfield tag="008">020607s1929    nyu           000 0 ypk d</controlfield>
  <datafield ind1=" " ind2=" " tag="035">
    <subfield code="a">(OCLC)ocm1306943</subfield>
  </datafield>
  <datafield ind1=" " ind2=" " tag="040">
    <subfield code="d">TxDaGIAL</subfield>
  </datafield>
  <datafield ind1="0" ind2="4" tag="082">
    <subfield code="a">225.5/971/4</subfield>
    <subfield code="2">22</subfield>
  </datafield>
  <datafield ind1="0" ind2=" " tag="130">
    <subfield code="a">Bible.</subfield>
    <subfield code="p">N.T.</subfield>
    <subfield code="p">Gospels.</subfield>
    <subfield code="l">Yupik, Central.</subfield>
    <subfield code="s">Hinz.</subfield>
    <subfield code="f">1929.</subfield>
  </datafield>
  <datafield ind1="1" ind2="0" tag="245">
    <subfield code="a">Kanegriarat ashilret Matthewm, Markim, Lukam Johnamtlu igatlgit :</subfield>
    <subfield code="b">Tamat tselli igatlgitnik ilankgtsoagluting.</subfield>
  </datafield>
  <datafield ind1="3" ind2="0" tag="246">
    <subfield code="a">Kanegriarat ashilret</subfield>
  </datafield>
  <datafield ind1=" " ind2=" " tag="260">
    <subfield code="a">New York :</subfield>
    <subfield code="b">American Bible Society,</subfield>
    <subfield code="c">1929.</subfield>
  </datafield>
  <datafield ind1=" " ind2=" " tag="300">
    <subfield code="a">270p ;</subfield>
    <subfield code="c">18cm.</subfield>
  </datafield>
  <datafield ind1=" " ind2=" " tag="500">
    <subfield code="a">The Gospels and selected passages from the Old and New Testaments in the Kuskokwim Yupik (Bethel Yupik) dialect of Central Yupik.</subfield>
  </datafield>
  <datafield ind1=" " ind2=" " tag="500">
    <subfield code="a">Translated by J. Hinz and others.</subfield>
  </datafield>
  <datafield ind1=" " ind2=" " tag="590">
    <subfield code="a">esu</subfield>
    <subfield code="2">Ethnologue 15 = ISO 639-3</subfield>
  </datafield>
  <datafield ind1=" " ind2="0" tag="650">
    <subfield code="a">Central Yupik language</subfield>
    <subfield code="v">Texts.</subfield>
  </datafield>
  <datafield ind1=" " ind2="7" tag="650">
    <subfield code="a">Kuskokwim Yupik dialect</subfield>
    <subfield code="x">Texts.</subfield>
    <subfield code="2">Ethnologue 15</subfield>
  </datafield>
  <datafield ind1="1" ind2=" " tag="700">
    <subfield code="a">Hinz, John.</subfield>
  </datafield>
  <datafield ind1="2" ind2=" " tag="710">
    <subfield code="a">American Bible Society.</subfield>
  </datafield>
  <datafield ind1="0" ind2=" " tag="730">
    <subfield code="a">Bible.</subfield>
    <subfield code="l">Yupik, Central.</subfield>
    <subfield code="s">Hinz.</subfield>
    <subfield code="k">Selections.</subfield>
    <subfield code="f">1929.</subfield>
  </datafield>
  <datafield ind1=" " ind2=" " tag="035">
    <subfield code="a">(TxDaGIAL)37741100034703</subfield>
  </datafield>
  <controlfield tag="005">20080624172553.0</controlfield>
  <controlfield tag="001">28054</controlfield>
  <controlfield tag="003">TxDaGIAL</controlfield>
  <datafield ind1=" " ind2=" " tag="852">
    <subfield code="p">37741100034703</subfield>
    <subfield code="a">Library</subfield>
    <subfield code="9">$0.00</subfield>
    <subfield code="x">FUND:Gift</subfield>
    <subfield code="x">COPYID:35047</subfield>
    <subfield code="x">FSC@aRegular@c20070423</subfield>
    <subfield code="h">225.59714 Y95c 1929</subfield>
    <subfield code="z">Gift 4-07</subfield>
  </datafield>
</record>