
<?xml version="1.0"?>
<record>
  <leader>00965nam a22002297a 4500</leader>
  <controlfield tag="008">970401s1984    nyuab         000 0 eng d</controlfield>
  <datafield ind1=" " ind2=" " tag="040">
    <subfield code="a">TxDaGIAL</subfield>
    <subfield code="c">TxDaGIAL</subfield>
  </datafield>
  <datafield ind1="0" ind2=" " tag="041">
    <subfield code="a">saispa</subfield>
  </datafield>
  <datafield ind1="0" ind2="4" tag="082">
    <subfield code="a">225.5/974/22</subfield>
  </datafield>
  <datafield ind1=" " ind2=" " tag="094">
    <subfield code="a">cak00</subfield>
    <subfield code="2">ROPAL</subfield>
  </datafield>
  <datafield ind1="0" ind2=" " tag="130">
    <subfield code="a">Bible.</subfield>
    <subfield code="p">N.T.</subfield>
    <subfield code="l">Cakichiquel Central.</subfield>
    <subfield code="f">1980.</subfield>
  </datafield>
  <datafield ind1="1" ind2="0" tag="245">
    <subfield code="a">Ri c'ac'a' Trato ri Xuben ri Dios Quiq'uin ri Vinek =</subfield>
    <subfield code="b">El Nuevo Testamento en Cakchiquel Central y en Espa&#xA9;&#x142;ol (Versi&#xA9;&#x111;n Popular).</subfield>
  </datafield>
  <datafield ind1=" " ind2=" " tag="260">
    <subfield code="a">East Brunswick, N.J. :</subfield>
    <subfield code="b">Sociedad Biblica de Nueva York Internacional,</subfield>
    <subfield code="c">1984.</subfield>
  </datafield>
  <datafield ind1=" " ind2=" " tag="300">
    <subfield code="a">1154 p. :</subfield>
    <subfield code="b">ill. (colored), maps ;</subfield>
    <subfield code="c">21 cm.</subfield>
  </datafield>
  <datafield ind1=" " ind2=" " tag="546">
    <subfield code="a">In Cakchiquel (Kaqchikel) Central and Spanish in parallel columns</subfield>
  </datafield>
  <datafield ind1="0" ind2=" " tag="590">
    <subfield code="a">cak</subfield>
    <subfield code="2">Ethnologue 15 = ISO/DIS 639-3</subfield>
  </datafield>
  <datafield ind1="0" ind2=" " tag="730">
    <subfield code="a">Bible.</subfield>
    <subfield code="p">N.T.</subfield>
    <subfield code="l">Spanish.</subfield>
    <subfield code="s">Versi&#xA9;&#x111;n Popular.</subfield>
    <subfield code="f">1970.</subfield>
  </datafield>
  <datafield ind1=" " ind2=" " tag="035">
    <subfield code="a">(TxDaGIAL)37741100016442</subfield>
  </datafield>
  <controlfield tag="005">20080624172554.0</controlfield>
  <controlfield tag="001">28055</controlfield>
  <controlfield tag="003">TxDaGIAL</controlfield>
  <datafield ind1=" " ind2=" " tag="852">
    <subfield code="p">37741100016442</subfield>
    <subfield code="a">Library</subfield>
    <subfield code="x">COPYID:35048</subfield>
    <subfield code="x">FSC@aRegular@c19970401</subfield>
    <subfield code="h">225.597422 C139c 1980</subfield>
    <subfield code="z">8681</subfield>
  </datafield>
</record>