
<?xml version="1.0"?>
<record>
  <leader>00926nam a22002297a 4500</leader>
  <controlfield tag="008">970424s1986    gt            000 0 sai d</controlfield>
  <datafield ind1=" " ind2=" " tag="040">
    <subfield code="a">TxDaGIAL</subfield>
    <subfield code="c">TxDaGIAL</subfield>
  </datafield>
  <datafield ind1="0" ind2=" " tag="041">
    <subfield code="a">saispa</subfield>
  </datafield>
  <datafield ind1="0" ind2="4" tag="082">
    <subfield code="a">225.5/974/22</subfield>
    <subfield code="2">22</subfield>
  </datafield>
  <datafield ind1=" " ind2=" " tag="094">
    <subfield code="a">cke00</subfield>
    <subfield code="2">ROPAL</subfield>
  </datafield>
  <datafield ind1="0" ind2=" " tag="130">
    <subfield code="a">Bible.</subfield>
    <subfield code="p">N.T.</subfield>
    <subfield code="l">Cakchiquel, Eastern</subfield>
    <subfield code="f">1986.</subfield>
  </datafield>
  <datafield ind1="1" ind2="0" tag="245">
    <subfield code="a">Ri Dios nch'o pa kach'ab&#xA9;&#x1A1;l cheke =</subfield>
    <subfield code="b">el Nuevo Testamento en Cakchiquel Oriental y en Espa&#xA9;&#x142;ol (Version Popular).</subfield>
  </datafield>
  <datafield ind1=" " ind2=" " tag="260">
    <subfield code="a">Guatemala :</subfield>
    <subfield code="b">Sociedad Biblica International,</subfield>
    <subfield code="c">1986.</subfield>
  </datafield>
  <datafield ind1=" " ind2=" " tag="300">
    <subfield code="a">1061 p. :</subfield>
    <subfield code="b">ill. (col.), maps ;</subfield>
    <subfield code="c">21 cm.</subfield>
  </datafield>
  <datafield ind1=" " ind2=" " tag="546">
    <subfield code="a">In Cakchiquel Oriental (Kaqchikel, Eastern) and Spanish in parallel columns.</subfield>
  </datafield>
  <datafield ind1=" " ind2=" " tag="590">
    <subfield code="a">cke</subfield>
    <subfield code="2">Ethnologue 15 = ISO/DIS 639-3</subfield>
  </datafield>
  <datafield ind1="0" ind2=" " tag="730">
    <subfield code="a">Bible.</subfield>
    <subfield code="p">N.T.</subfield>
    <subfield code="l">Spanish.</subfield>
    <subfield code="s">Version Popular.</subfield>
  </datafield>
  <datafield ind1=" " ind2=" " tag="035">
    <subfield code="a">(TxDaGIAL)37741100017134</subfield>
  </datafield>
  <controlfield tag="005">20080624172554.0</controlfield>
  <controlfield tag="001">28056</controlfield>
  <controlfield tag="003">TxDaGIAL</controlfield>
  <datafield ind1=" " ind2=" " tag="852">
    <subfield code="p">37741100017134</subfield>
    <subfield code="a">Library</subfield>
    <subfield code="x">COPYID:35049</subfield>
    <subfield code="x">FSC@aRegular@c19970424</subfield>
    <subfield code="h">225.597422 C139e 1986</subfield>
    <subfield code="z">13147</subfield>
  </datafield>
</record>