
<?xml version="1.0"?>
<record>
  <leader>00892nam a2200241 a 4500</leader>
  <controlfield tag="008">060210s1970    mx b          000 0 myn d</controlfield>
  <datafield ind1=" " ind2=" " tag="040">
    <subfield code="a">TxDaGIAL</subfield>
    <subfield code="c">TxDaGIAL</subfield>
  </datafield>
  <datafield ind1="1" ind2=" " tag="041">
    <subfield code="a">mynspa</subfield>
  </datafield>
  <datafield ind1="0" ind2="4" tag="082">
    <subfield code="a">225.59/74/28</subfield>
    <subfield code="2">22</subfield>
  </datafield>
  <datafield ind1="0" ind2=" " tag="130">
    <subfield code="a">Bible.</subfield>
    <subfield code="p">N.T..</subfield>
    <subfield code="l">Tzeltal, Oxchuc.</subfield>
    <subfield code="f">1970.</subfield>
  </datafield>
  <datafield ind1="1" ind2="0" tag="245">
    <subfield code="a">Te ach' testamento yu'un te kajwaltik Jesukristoe.</subfield>
  </datafield>
  <datafield ind1="3" ind2="8" tag="246">
    <subfield code="a">Ach' testamento</subfield>
  </datafield>
  <datafield ind1=" " ind2=" " tag="260">
    <subfield code="a">Mexico :</subfield>
    <subfield code="b">Sociedad B&#xA9;&#x1AF;blica en Mexico,</subfield>
    <subfield code="c">[1970]</subfield>
  </datafield>
  <datafield ind1=" " ind2=" " tag="300">
    <subfield code="a">1200 p. :</subfield>
    <subfield code="b">maps ;</subfield>
    <subfield code="c">20 cm.</subfield>
  </datafield>
  <datafield ind1=" " ind2=" " tag="546">
    <subfield code="a">Parallel text in Spanish and Oxchuc Tzeltal.</subfield>
  </datafield>
  <datafield ind1=" " ind2=" " tag="590">
    <subfield code="a">tzh</subfield>
    <subfield code="2">Ethnologue 15 = ISO/DIS 639-3</subfield>
  </datafield>
  <datafield ind1=" " ind2="0" tag="650">
    <subfield code="a">Tzeltal language</subfield>
    <subfield code="v">Texts.</subfield>
  </datafield>
  <datafield ind1="0" ind2=" " tag="730">
    <subfield code="a">Bible.</subfield>
    <subfield code="p">N.T.</subfield>
    <subfield code="l">Spanish.</subfield>
    <subfield code="s">Reina-Valera.</subfield>
  </datafield>
  <datafield ind1=" " ind2=" " tag="035">
    <subfield code="a">(TxDaGIAL)37741100029578</subfield>
  </datafield>
  <controlfield tag="005">20080624172554.0</controlfield>
  <controlfield tag="001">28057</controlfield>
  <controlfield tag="003">TxDaGIAL</controlfield>
  <datafield ind1=" " ind2=" " tag="852">
    <subfield code="p">37741100029578</subfield>
    <subfield code="a">Library</subfield>
    <subfield code="9">$0.00</subfield>
    <subfield code="x">FUND:Gift</subfield>
    <subfield code="x">COPYID:35050</subfield>
    <subfield code="x">FSC@aRegular@c20060302</subfield>
    <subfield code="h">225.597428 T998o 1970</subfield>
    <subfield code="z">Gift SIL-North Dakota 8-99</subfield>
  </datafield>
</record>