
<?xml version="1.0"?>
<record>
  <leader>01010nam a2200229 a 4500</leader>
  <controlfield tag="008">070320s1979    mx            001 0 eng d</controlfield>
  <datafield ind1=" " ind2=" " tag="040">
    <subfield code="a">TxDaGIAL</subfield>
    <subfield code="c">TxDaGIAL</subfield>
  </datafield>
  <datafield ind1="1" ind2=" " tag="041">
    <subfield code="a">spanah</subfield>
  </datafield>
  <datafield ind1="0" ind2="4" tag="082">
    <subfield code="a">225.5/97452</subfield>
    <subfield code="2">22</subfield>
  </datafield>
  <datafield ind1="0" ind2=" " tag="130">
    <subfield code="a">Bible.</subfield>
    <subfield code="p">N.T.</subfield>
    <subfield code="l">N&#xA9;&#x141;huatl language.</subfield>
    <subfield code="f">1979.</subfield>
  </datafield>
  <datafield ind1="1" ind2="0" tag="245">
    <subfield code="a">In Cuali Tajtoltzin de Dios =</subfield>
    <subfield code="b">el Nuevo Testamento de nuestro Se&#xA9;&#x142;or Jesucristo, en N&#xA9;&#x141;huatl y Espa&#xA9;&#x142;ol, N&#xA9;&#x141;huatl de la Sierra de Puebla.</subfield>
  </datafield>
  <datafield ind1="3" ind2="4" tag="246">
    <subfield code="a">Nuevo Testamento en N&#xA9;&#x141;huatl de la Sierra de Puebla</subfield>
  </datafield>
  <datafield ind1=" " ind2=" " tag="260">
    <subfield code="a">Mexico, D.F. :</subfield>
    <subfield code="b">La Biblioteca Mexicana Del Hogar, A.C.,</subfield>
    <subfield code="c">1979.</subfield>
  </datafield>
  <datafield ind1=" " ind2=" " tag="300">
    <subfield code="a">1640 p., [16] p. of plates :</subfield>
    <subfield code="b">ill., (some col.) ;</subfield>
    <subfield code="c">21 cm.</subfield>
  </datafield>
  <datafield ind1=" " ind2=" " tag="546">
    <subfield code="a">In Spanish and Highland Puebla N&#xA9;&#x141;huatl.</subfield>
  </datafield>
  <datafield ind1=" " ind2=" " tag="590">
    <subfield code="a">azz</subfield>
    <subfield code="2">Ethnologue 15 = ISO 639-3</subfield>
  </datafield>
  <datafield ind1="0" ind2=" " tag="730">
    <subfield code="a">Bible.</subfield>
    <subfield code="p">N.T.</subfield>
    <subfield code="l">Spanish.</subfield>
    <subfield code="s">Versi&#xA9;&#x111;n Popular.</subfield>
    <subfield code="f">1970.</subfield>
  </datafield>
  <datafield ind1=" " ind2=" " tag="035">
    <subfield code="a">(TxDaGIAL)37741100034648</subfield>
  </datafield>
  <controlfield tag="005">20080624172554.0</controlfield>
  <controlfield tag="001">28058</controlfield>
  <controlfield tag="003">TxDaGIAL</controlfield>
  <datafield ind1=" " ind2=" " tag="852">
    <subfield code="p">37741100034648</subfield>
    <subfield code="a">Library</subfield>
    <subfield code="9">$0.00</subfield>
    <subfield code="x">FUND:Gift</subfield>
    <subfield code="x">COPYID:35051</subfield>
    <subfield code="x">FSC@aRegular@c20070329</subfield>
    <subfield code="h">225.597452 N161hp 1979</subfield>
    <subfield code="z">Gift 10-02</subfield>
  </datafield>
</record>