
<?xml version="1.0"?>
<record>
  <leader>01275nam a2200313 a 4500</leader>
  <controlfield tag="008">060118s1973    ec a          000 0 eng d</controlfield>
  <datafield ind1=" " ind2=" " tag="010">
    <subfield code="a">   76514336</subfield>
  </datafield>
  <datafield ind1=" " ind2=" " tag="035">
    <subfield code="a">(OCLC) 3622585</subfield>
  </datafield>
  <datafield ind1=" " ind2=" " tag="040">
    <subfield code="a">DLC</subfield>
    <subfield code="c">NIC</subfield>
    <subfield code="d">DLC</subfield>
    <subfield code="d">TxDaGIAL</subfield>
  </datafield>
  <datafield ind1="1" ind2=" " tag="041">
    <subfield code="a">que</subfield>
  </datafield>
  <datafield ind1=" " ind2="4" tag="050">
    <subfield code="a">BS345</subfield>
  </datafield>
  <datafield ind1="0" ind2="4" tag="082">
    <subfield code="a">225.5/98/323</subfield>
    <subfield code="2">22</subfield>
  </datafield>
  <datafield ind1="0" ind2=" " tag="130">
    <subfield code="a">Bible.</subfield>
    <subfield code="p">N.T.</subfield>
    <subfield code="l">Quichua, Chimborazo Highland.</subfield>
    <subfield code="f">1973.</subfield>
  </datafield>
  <datafield ind1="1" ind2="0" tag="245">
    <subfield code="a">Dios q'uipata quillcachishca :</subfield>
    <subfield code="b">Apunchij Jesucristomanta huillaj shimicunami.</subfield>
  </datafield>
  <datafield ind1="3" ind2="4" tag="246">
    <subfield code="a">Dios rimashca shimicunami</subfield>
  </datafield>
  <datafield ind1=" " ind2=" " tag="260">
    <subfield code="a">Quito :</subfield>
    <subfield code="b">Sociedades b&#xA9;blicas unidas,</subfield>
    <subfield code="c">1973.</subfield>
  </datafield>
  <datafield ind1=" " ind2=" " tag="300">
    <subfield code="a">755 p. :</subfield>
    <subfield code="b">ill. ;</subfield>
    <subfield code="c">19 cm.</subfield>
  </datafield>
  <datafield ind1=" " ind2=" " tag="500">
    <subfield code="a">Later ed. published by Ecuadorian Bible Society.</subfield>
  </datafield>
  <datafield ind1=" " ind2=" " tag="500">
    <subfield code="a">"El Nuevo Testamento en el Quichua del Ecuador Dialecto de la Provincia del Chimborazo" -- T.p. verso.</subfield>
  </datafield>
  <datafield ind1=" " ind2=" " tag="500">
    <subfield code="a">United Bible Societies language: Quichua: Chimborazo.</subfield>
  </datafield>
  <datafield ind1=" " ind2=" " tag="546">
    <subfield code="a">In Chimborazo Highland Quichua of Ecuador.</subfield>
  </datafield>
  <datafield ind1=" " ind2=" " tag="590">
    <subfield code="a">qug</subfield>
    <subfield code="2">Ethnologue 15 = ISO/DIS 639-3</subfield>
  </datafield>
  <datafield ind1=" " ind2="0" tag="650">
    <subfield code="a">Quechua language (Chimborazo)</subfield>
    <subfield code="v">Texts.</subfield>
  </datafield>
  <datafield ind1="2" ind2=" " tag="710">
    <subfield code="a">United Bible Societies.</subfield>
  </datafield>
  <datafield ind1=" " ind2=" " tag="035">
    <subfield code="a">(TxDaGIAL)37741100029575</subfield>
  </datafield>
  <controlfield tag="005">20080624172554.0</controlfield>
  <controlfield tag="001">28059</controlfield>
  <controlfield tag="003">TxDaGIAL</controlfield>
  <datafield ind1=" " ind2=" " tag="852">
    <subfield code="p">37741100029575</subfield>
    <subfield code="a">Library</subfield>
    <subfield code="9">$0.00</subfield>
    <subfield code="x">FUND:Gift</subfield>
    <subfield code="x">COPYID:35052</subfield>
    <subfield code="x">FSC@aRegular@c20060302</subfield>
    <subfield code="h">225.598323 Q6ch 1973</subfield>
    <subfield code="z">Gift Don and Nadine Burns 9-05</subfield>
  </datafield>
</record>