
<?xml version="1.0"?>
<record>
  <leader>01189cam a2200301 a 4500</leader>
  <controlfield tag="008">020607s1986    bl ab         000 0 sai d</controlfield>
  <datafield ind1=" " ind2=" " tag="035">
    <subfield code="a">(OCLC) 16977196</subfield>
  </datafield>
  <datafield ind1=" " ind2=" " tag="040">
    <subfield code="d">TxDaGIAL</subfield>
  </datafield>
  <datafield ind1="0" ind2=" " tag="041">
    <subfield code="a">sai</subfield>
  </datafield>
  <datafield ind1="0" ind2="4" tag="082">
    <subfield code="a">225.5/983/8</subfield>
    <subfield code="2">22</subfield>
  </datafield>
  <datafield ind1="0" ind2=" " tag="130">
    <subfield code="a">Bible.</subfield>
    <subfield code="p">N.T.</subfield>
    <subfield code="l">Sater&#xA9;&#x266D;-Maw&#xA9;&#x266D;.</subfield>
    <subfield code="f">1986.</subfield>
  </datafield>
  <datafield ind1="1" ind2="0" tag="242">
    <subfield code="a">New Testament in Sater&#xA9;&#x266D;-Maw&#xA9;&#x266D;.</subfield>
  </datafield>
  <datafield ind1="1" ind2="0" tag="245">
    <subfield code="a">Tupana Ehay :</subfield>
    <subfield code="b">Sater&#xA9;&#x266D; Maw&#xA9;&#x266D; pusupuo ; o Novo Testamento na l&#xA9;&#x1AF;ngua Sater&#xA9;&#x266D; Maw&#xA9;&#x266D;.</subfield>
  </datafield>
  <datafield ind1="3" ind2="1" tag="246">
    <subfield code="a">Novo Testamento na l&#xA9;&#x1AF;ngua Sater&#xA9;&#x266D; Maw&#xA9;&#x266D;</subfield>
  </datafield>
  <datafield ind1=" " ind2=" " tag="260">
    <subfield code="a">Bras&#xA9;&#x1AF;lia, DF :</subfield>
    <subfield code="b">Livraria Crist&#xA9;&#x110; Unida,</subfield>
    <subfield code="c">1986.</subfield>
  </datafield>
  <datafield ind1=" " ind2=" " tag="300">
    <subfield code="a">843 p, [16] p. of plates :</subfield>
    <subfield code="b">ill., maps ;</subfield>
    <subfield code="c">23 cm.</subfield>
  </datafield>
  <datafield ind1=" " ind2=" " tag="500">
    <subfield code="a">With chapter and section headings, illustrations, maps.</subfield>
  </datafield>
  <datafield ind1=" " ind2=" " tag="500">
    <subfield code="a">Translated by Albert and Sue Graham.</subfield>
  </datafield>
  <datafield ind1=" " ind2=" " tag="500">
    <subfield code="a">United Bible Societies language: Sater&#xA9;&#x266D;-Maw&#xA9;&#x266D;.</subfield>
  </datafield>
  <datafield ind1=" " ind2=" " tag="546">
    <subfield code="a">In Sater&#xA9;&#x266D;-Maw&#xA9;&#x266D;, a Tupi language of Brazil.</subfield>
  </datafield>
  <datafield ind1=" " ind2=" " tag="590">
    <subfield code="a">mav</subfield>
    <subfield code="2">Ethnologue 15 = ISO 639-3</subfield>
  </datafield>
  <datafield ind1=" " ind2="0" tag="650">
    <subfield code="a">Maue language</subfield>
    <subfield code="v">Texts.</subfield>
  </datafield>
  <datafield ind1="0" ind2=" " tag="730">
    <subfield code="a">Bible.</subfield>
    <subfield code="p">N.T.</subfield>
    <subfield code="l">Maue.</subfield>
    <subfield code="f">1986.</subfield>
  </datafield>
  <datafield ind1=" " ind2=" " tag="035">
    <subfield code="a">(TxDaGIAL)37741100035209</subfield>
  </datafield>
  <controlfield tag="005">20080624172554.0</controlfield>
  <controlfield tag="001">28061</controlfield>
  <controlfield tag="003">TxDaGIAL</controlfield>
  <datafield ind1=" " ind2=" " tag="852">
    <subfield code="p">37741100035209</subfield>
    <subfield code="a">Library</subfield>
    <subfield code="9">$0.00</subfield>
    <subfield code="x">FUND:Gift</subfield>
    <subfield code="x">COPYID:35054</subfield>
    <subfield code="x">FSC@aRegular@c20080130</subfield>
    <subfield code="h">225.59838 S253t 1986</subfield>
    <subfield code="z">Gift 7-06</subfield>
  </datafield>
</record>