
<?xml version="1.0"?>
<record>
  <leader>00951nam a2200217 a 4500</leader>
  <controlfield tag="008">070322s1984    pauabf        000 0 sai d</controlfield>
  <datafield ind1=" " ind2=" " tag="040">
    <subfield code="a">TxDaGIAL</subfield>
    <subfield code="c">TxDaGIAL</subfield>
  </datafield>
  <datafield ind1="1" ind2=" " tag="041">
    <subfield code="a">saipor</subfield>
  </datafield>
  <datafield ind1="0" ind2="4" tag="082">
    <subfield code="a">225.5/9842</subfield>
    <subfield code="2">22</subfield>
  </datafield>
  <datafield ind1="0" ind2=" " tag="130">
    <subfield code="a">Bible.</subfield>
    <subfield code="p">N.T.</subfield>
    <subfield code="l">Waiwai language.</subfield>
    <subfield code="f">1984.</subfield>
  </datafield>
  <datafield ind1="1" ind2="0" tag="245">
    <subfield code="a">Kwakrecho komo kaan ya =</subfield>
    <subfield code="b">o Novo Testamento do nosso Senhor Jesus Cristo, na lingua dos Indios Uaiuai, habitantes em territorios do Brasil, Guyana, e Suriname.</subfield>
  </datafield>
  <datafield ind1=" " ind2=" " tag="260">
    <subfield code="a">Bala Cynwyd, Pennsylvania :</subfield>
    <subfield code="b">UFM International,</subfield>
    <subfield code="c">1984.</subfield>
  </datafield>
  <datafield ind1=" " ind2=" " tag="300">
    <subfield code="a">1066 p., [16] p. of plates :</subfield>
    <subfield code="b">ill., maps ;</subfield>
    <subfield code="c">24 cm.</subfield>
  </datafield>
  <datafield ind1=" " ind2=" " tag="546">
    <subfield code="a">In Waiwai, with parallel title and publication information in Portuguese.</subfield>
  </datafield>
  <datafield ind1=" " ind2=" " tag="590">
    <subfield code="a">waw</subfield>
    <subfield code="2">Ethnologue 15 = ISO-639-3</subfield>
  </datafield>
  <datafield ind1=" " ind2="0" tag="650">
    <subfield code="a">Waiwai language</subfield>
    <subfield code="v">Texts.</subfield>
  </datafield>
  <datafield ind1=" " ind2=" " tag="035">
    <subfield code="a">(TxDaGIAL)37741100034658</subfield>
  </datafield>
  <controlfield tag="005">20080624172554.0</controlfield>
  <controlfield tag="001">28062</controlfield>
  <controlfield tag="003">TxDaGIAL</controlfield>
  <datafield ind1=" " ind2=" " tag="852">
    <subfield code="p">37741100034658</subfield>
    <subfield code="a">Library</subfield>
    <subfield code="9">$0.00</subfield>
    <subfield code="x">FUND:Gift</subfield>
    <subfield code="x">COPYID:35055</subfield>
    <subfield code="x">FSC@aRegular@c20070329</subfield>
    <subfield code="h">225.59842 W145k 1984</subfield>
    <subfield code="z">Gift 9-02</subfield>
  </datafield>
</record>