
<?xml version="1.0"?>
<record>
  <leader>00959nam a2200241 a 4500</leader>
  <controlfield tag="008">020607s1983    pe ab         000 0 sai  </controlfield>
  <datafield ind1=" " ind2=" " tag="040">
    <subfield code="d">TxDaGIAL</subfield>
  </datafield>
  <datafield ind1="1" ind2=" " tag="041">
    <subfield code="a">sai</subfield>
  </datafield>
  <datafield ind1="0" ind2="4" tag="082">
    <subfield code="a">225/.5984</subfield>
    <subfield code="2">22</subfield>
  </datafield>
  <datafield ind1="0" ind2=" " tag="130">
    <subfield code="a">Bible.</subfield>
    <subfield code="p">N.T.</subfield>
    <subfield code="l">Shipibo-Conibo.</subfield>
    <subfield code="f">1983.</subfield>
  </datafield>
  <datafield ind1="1" ind2="0" tag="245">
    <subfield code="a">Diosen joi :</subfield>
    <subfield code="b">jacon&#xA9;&#xDE;sh Dios betan jano shon jat&#xA9;&#x1AF; shonbi onanti joi.</subfield>
  </datafield>
  <datafield ind1=" " ind2=" " tag="260">
    <subfield code="a">Lima :</subfield>
    <subfield code="b">Liga Biblica Mundial del Hogar,</subfield>
    <subfield code="c">1983.</subfield>
  </datafield>
  <datafield ind1=" " ind2=" " tag="300">
    <subfield code="a">924 p :</subfield>
    <subfield code="b">ill. (some col.), maps ;</subfield>
    <subfield code="c">21cm.</subfield>
  </datafield>
  <datafield ind1=" " ind2=" " tag="500">
    <subfield code="a">"El Nuevo Testamento de nuestro Se&#xA9;&#x142;or Jesucristo en el idioma shipibo-conibo" -- T.p.</subfield>
  </datafield>
  <datafield ind1=" " ind2=" " tag="546">
    <subfield code="a">Text in Shipibo-Conibo.</subfield>
  </datafield>
  <datafield ind1=" " ind2=" " tag="590">
    <subfield code="a">shp</subfield>
    <subfield code="2">Ethnologue 15: ISO/DIS 639-3</subfield>
  </datafield>
  <datafield ind1=" " ind2="0" tag="650">
    <subfield code="a">Shipibo-Conibo language</subfield>
    <subfield code="v">Texts.</subfield>
  </datafield>
  <datafield ind1="2" ind2=" " tag="710">
    <subfield code="a">World Home Bible League.</subfield>
  </datafield>
  <datafield ind1=" " ind2=" " tag="035">
    <subfield code="a">(TxDaGIAL)37741100029478</subfield>
  </datafield>
  <controlfield tag="005">20080624172554.0</controlfield>
  <controlfield tag="001">28063</controlfield>
  <controlfield tag="003">TxDaGIAL</controlfield>
  <datafield ind1=" " ind2=" " tag="852">
    <subfield code="p">37741100029478</subfield>
    <subfield code="a">Library</subfield>
    <subfield code="9">$0.00</subfield>
    <subfield code="x">FUND:Gift</subfield>
    <subfield code="x">COPYID:35056</subfield>
    <subfield code="x">FSC@aRegular@c20060220</subfield>
    <subfield code="h">225.59846 S557d 1983</subfield>
    <subfield code="z">Gift SIL Anthropology Dept. 12-05</subfield>
  </datafield>
</record>