
<?xml version="1.0"?>
<record>
  <leader>01250nam a2200313 a 4500</leader>
  <controlfield tag="008">080110s1991    my ab         000 0 map d</controlfield>
  <datafield ind1=" " ind2=" " tag="020">
    <subfield code="a">9789679991871</subfield>
  </datafield>
  <datafield ind1=" " ind2=" " tag="020">
    <subfield code="a">9679991873</subfield>
  </datafield>
  <datafield ind1=" " ind2=" " tag="035">
    <subfield code="a">(OCLC) 34066374</subfield>
  </datafield>
  <datafield ind1=" " ind2=" " tag="040">
    <subfield code="a">TxDaGIAL</subfield>
    <subfield code="c">TxDaGIAL</subfield>
  </datafield>
  <datafield ind1="1" ind2=" " tag="041">
    <subfield code="a">map</subfield>
  </datafield>
  <datafield ind1="0" ind2="4" tag="082">
    <subfield code="a">225/.5/992/3</subfield>
    <subfield code="2">22 expanded</subfield>
  </datafield>
  <datafield ind1="0" ind2=" " tag="130">
    <subfield code="a">Bible.</subfield>
    <subfield code="p">N.T.</subfield>
    <subfield code="l">Murut.</subfield>
    <subfield code="f">1991.</subfield>
  </datafield>
  <datafield ind1="1" ind2="0" tag="245">
    <subfield code="a">Rahu nu Tuhan :</subfield>
    <subfield code="b">Parandian bahu : Murut Tahol.</subfield>
  </datafield>
  <datafield ind1="2" ind2=" " tag="246">
    <subfield code="a">New Testament in Tagal Murut</subfield>
  </datafield>
  <datafield ind1=" " ind2=" " tag="260">
    <subfield code="a">[Kuala Lumpur] :</subfield>
    <subfield code="b">Pertubuhan Bible Malaysia :</subfield>
    <subfield code="f">Philippine Bible Society,</subfield>
    <subfield code="c">1991.</subfield>
  </datafield>
  <datafield ind1=" " ind2=" " tag="300">
    <subfield code="a">541., [6] p. :</subfield>
    <subfield code="b">ill., maps ;</subfield>
    <subfield code="c">21 cm.</subfield>
  </datafield>
  <datafield ind1=" " ind2=" " tag="500">
    <subfield code="a">Translated by A. Sue [Harris] Russell, Asing Kalatang, and Karani Langub -- Cambridge University (UBS?)</subfield>
  </datafield>
  <datafield ind1=" " ind2=" " tag="500">
    <subfield code="a">United Bible Societies language: Murut: Tagal.</subfield>
  </datafield>
  <datafield ind1=" " ind2=" " tag="546">
    <subfield code="a">In Tagal Murut, a Malayo-Polynesian language of Malaysia.</subfield>
  </datafield>
  <datafield ind1=" " ind2=" " tag="590">
    <subfield code="a">mvv</subfield>
    <subfield code="2">Ethnologue 15 = ISO 639-3</subfield>
  </datafield>
  <datafield ind1=" " ind2="0" tag="650">
    <subfield code="a">Murut language</subfield>
    <subfield code="v">Texts.</subfield>
  </datafield>
  <datafield ind1="2" ind2=" " tag="710">
    <subfield code="a">Bible Society of Malaysia.</subfield>
  </datafield>
  <datafield ind1="0" ind2=" " tag="730">
    <subfield code="a">Bible.</subfield>
    <subfield code="p">N.T.</subfield>
    <subfield code="l">Murut.</subfield>
    <subfield code="s">Harris et al..</subfield>
    <subfield code="f">1991.</subfield>
  </datafield>
  <datafield ind1=" " ind2=" " tag="035">
    <subfield code="a">(TxDaGIAL)37741100035203</subfield>
  </datafield>
  <controlfield tag="005">20080624172555.0</controlfield>
  <controlfield tag="001">28065</controlfield>
  <controlfield tag="003">TxDaGIAL</controlfield>
  <datafield ind1=" " ind2=" " tag="852">
    <subfield code="p">37741100035203</subfield>
    <subfield code="a">Library</subfield>
    <subfield code="9">$0.00</subfield>
    <subfield code="x">FUND:Gift</subfield>
    <subfield code="x">COPYID:35058</subfield>
    <subfield code="x">FSC@aRegular@c20080130</subfield>
    <subfield code="h">225.59923 M984t 1991</subfield>
    <subfield code="z">Gift 7-99</subfield>
  </datafield>
</record>