
<?xml version="1.0"?>
<record>
  <leader>01170nam a2200301 a 4500</leader>
  <controlfield tag="008">071015s1999    io            000 0 ind d</controlfield>
  <datafield ind1=" " ind2=" " tag="020">
    <subfield code="a">9794632767 (Biru)</subfield>
  </datafield>
  <datafield ind1=" " ind2=" " tag="020">
    <subfield code="a">9794632864 (Putih)</subfield>
  </datafield>
  <datafield ind1=" " ind2=" " tag="040">
    <subfield code="a">TxDaGIAL</subfield>
    <subfield code="c">TxDaGIAL</subfield>
  </datafield>
  <datafield ind1="1" ind2=" " tag="041">
    <subfield code="a">ind</subfield>
  </datafield>
  <datafield ind1="0" ind2="4" tag="082">
    <subfield code="a">225/.992/21</subfield>
    <subfield code="2">22</subfield>
  </datafield>
  <datafield ind1="0" ind2=" " tag="130">
    <subfield code="a">Bible.</subfield>
    <subfield code="p">N.T.</subfield>
    <subfield code="l">Indonesian.</subfield>
    <subfield code="s">Terjemahan Baru</subfield>
    <subfield code="d">1999.</subfield>
  </datafield>
  <datafield ind1="1" ind2="0" tag="245">
    <subfield code="a">Perjanjian Baru Mazmur dan Amsal.</subfield>
  </datafield>
  <datafield ind1=" " ind2=" " tag="260">
    <subfield code="a">Jakarta [Indonesia] :</subfield>
    <subfield code="b">Gideons International :</subfield>
    <subfield code="b">Lembaga Alkitab Indonesia,</subfield>
    <subfield code="c">c1999.</subfield>
  </datafield>
  <datafield ind1=" " ind2=" " tag="300">
    <subfield code="a">524 p. ;</subfield>
    <subfield code="c">14 cm.</subfield>
  </datafield>
  <datafield ind1=" " ind2=" " tag="500">
    <subfield code="a">"New Testament, Psalms and Proverbs in Indonesian" -- t.p. verso.</subfield>
  </datafield>
  <datafield ind1=" " ind2=" " tag="546">
    <subfield code="a">In Indonesian.</subfield>
  </datafield>
  <datafield ind1=" " ind2=" " tag="590">
    <subfield code="a">ind</subfield>
    <subfield code="2">Ethnologue 15 = ISO 639-3</subfield>
  </datafield>
  <datafield ind1=" " ind2="0" tag="650">
    <subfield code="a">Indonesian language</subfield>
    <subfield code="v">Texts.</subfield>
  </datafield>
  <datafield ind1="2" ind2=" " tag="710">
    <subfield code="a">Lembaga Alkitab Indonesia.</subfield>
  </datafield>
  <datafield ind1="2" ind2=" " tag="710">
    <subfield code="a">Gideon's International.</subfield>
  </datafield>
  <datafield ind1="0" ind2=" " tag="730">
    <subfield code="a">Bible.</subfield>
    <subfield code="p">O.T.</subfield>
    <subfield code="p">Psalms.</subfield>
    <subfield code="l">Indonesian.</subfield>
    <subfield code="s">Terjemahan Baru</subfield>
    <subfield code="d">1999.</subfield>
  </datafield>
  <datafield ind1="0" ind2=" " tag="730">
    <subfield code="a">Bible.</subfield>
    <subfield code="p">O.T.</subfield>
    <subfield code="p">Proverbs.</subfield>
    <subfield code="l">Indonesian.</subfield>
    <subfield code="s">Terjemahan Baru</subfield>
    <subfield code="d">1999.</subfield>
  </datafield>
  <datafield ind1=" " ind2=" " tag="035">
    <subfield code="a">(TxDaGIAL)37741100035103</subfield>
  </datafield>
  <controlfield tag="005">20080624172555.0</controlfield>
  <controlfield tag="001">28066</controlfield>
  <controlfield tag="003">TxDaGIAL</controlfield>
  <datafield ind1=" " ind2=" " tag="852">
    <subfield code="p">37741100035103</subfield>
    <subfield code="a">Library</subfield>
    <subfield code="9">$0.00</subfield>
    <subfield code="x">FUND:Gift</subfield>
    <subfield code="x">COPYID:35059</subfield>
    <subfield code="x">FSC@aRegular@c20071112</subfield>
    <subfield code="h">225.99221 T318p 1999</subfield>
    <subfield code="z">Gift MattMills 3-05</subfield>
  </datafield>
</record>