
<?xml version="1.0"?>
<record>
  <leader>01085nam a2200289 a 4500</leader>
  <controlfield tag="008">071015s2005    txub          000 0 ind d</controlfield>
  <datafield ind1=" " ind2=" " tag="020">
    <subfield code="a">1932438025</subfield>
  </datafield>
  <datafield ind1=" " ind2=" " tag="020">
    <subfield code="a">9781932438024</subfield>
  </datafield>
  <datafield ind1=" " ind2=" " tag="035">
    <subfield code="a">(OCLC)62396810</subfield>
  </datafield>
  <datafield ind1=" " ind2=" " tag="040">
    <subfield code="a">TxDaGIAL</subfield>
    <subfield code="c">TxDaGIAL</subfield>
  </datafield>
  <datafield ind1="1" ind2=" " tag="041">
    <subfield code="a">ind</subfield>
  </datafield>
  <datafield ind1="0" ind2="4" tag="082">
    <subfield code="a">225/.992/21</subfield>
    <subfield code="2">22</subfield>
  </datafield>
  <datafield ind1="0" ind2=" " tag="130">
    <subfield code="a">Bible.</subfield>
    <subfield code="p">N.T.</subfield>
    <subfield code="l">Indonesian.</subfield>
    <subfield code="s">Versi Mudah Dibaca</subfield>
    <subfield code="d">2005.</subfield>
  </datafield>
  <datafield ind1="1" ind2="0" tag="245">
    <subfield code="a">Perjanjian Baru :</subfield>
    <subfield code="b">versi mudah dibaca.</subfield>
  </datafield>
  <datafield ind1=" " ind2=" " tag="260">
    <subfield code="a">Fort Worth, Texas :</subfield>
    <subfield code="b">World Bible Translation Center, Inc. ;</subfield>
    <subfield code="a">Jakarta [Indonesia] :</subfield>
    <subfield code="b">Yasuma [Yayasan Sumber Sejahtera],</subfield>
    <subfield code="c">c2005.</subfield>
  </datafield>
  <datafield ind1=" " ind2=" " tag="300">
    <subfield code="a">xv, 397 p. :</subfield>
    <subfield code="b">maps ;</subfield>
    <subfield code="c">18 cm.</subfield>
  </datafield>
  <datafield ind1=" " ind2=" " tag="500">
    <subfield code="a">Includes a glossary of terms and 3 maps (p. 391-397)</subfield>
  </datafield>
  <datafield ind1=" " ind2=" " tag="546">
    <subfield code="a">In Indonesian.</subfield>
  </datafield>
  <datafield ind1=" " ind2=" " tag="590">
    <subfield code="a">ind</subfield>
    <subfield code="2">Ethnologue 15 = ISO 639-3</subfield>
  </datafield>
  <datafield ind1=" " ind2="0" tag="650">
    <subfield code="a">Indonesian language</subfield>
    <subfield code="v">Texts.</subfield>
  </datafield>
  <datafield ind1="2" ind2=" " tag="710">
    <subfield code="a">World Bible Translation Center.</subfield>
  </datafield>
  <datafield ind1="2" ind2=" " tag="710">
    <subfield code="a">Yayasan Sumber Sejahtera.</subfield>
  </datafield>
  <datafield ind1=" " ind2=" " tag="035">
    <subfield code="a">(TxDaGIAL)37741100035104</subfield>
  </datafield>
  <controlfield tag="005">20080624172555.0</controlfield>
  <controlfield tag="001">28067</controlfield>
  <controlfield tag="003">TxDaGIAL</controlfield>
  <datafield ind1=" " ind2=" " tag="852">
    <subfield code="p">37741100035104</subfield>
    <subfield code="a">Library</subfield>
    <subfield code="9">$0.00</subfield>
    <subfield code="x">FUND:Gift</subfield>
    <subfield code="x">COPYID:35060</subfield>
    <subfield code="x">FSC@aRegular@c20071112</subfield>
    <subfield code="h">225.99221 V563p 2005</subfield>
    <subfield code="z">Gift 5-07</subfield>
  </datafield>
</record>