
<?xml version="1.0"?>
<record>
  <leader>01253nam a2200301 a 4500</leader>
  <controlfield tag="008">061208s2006    ug            000 0 eng d</controlfield>
  <datafield ind1=" " ind2=" " tag="040">
    <subfield code="a">TxDaGIAL</subfield>
    <subfield code="c">TxDaGIAL</subfield>
  </datafield>
  <datafield ind1="1" ind2=" " tag="041">
    <subfield code="a">engswa</subfield>
  </datafield>
  <datafield ind1="0" ind2="4" tag="082">
    <subfield code="a">302.2/244</subfield>
    <subfield code="2">22</subfield>
  </datafield>
  <datafield ind1="0" ind2=" " tag="082">
    <subfield code="a">411</subfield>
    <subfield code="2">22</subfield>
  </datafield>
  <datafield ind1="1" ind2=" " tag="100">
    <subfield code="a">Rempel, Robin.</subfield>
  </datafield>
  <datafield ind1="1" ind2="0" tag="245">
    <subfield code="a">Alphabet development model :</subfield>
    <subfield code="b">a guide for socio- and psycho-linguistic orthography developent /</subfield>
    <subfield code="c">by Robin Rempel.</subfield>
  </datafield>
  <datafield ind1=" " ind2=" " tag="250">
    <subfield code="a">Revised.</subfield>
  </datafield>
  <datafield ind1=" " ind2=" " tag="260">
    <subfield code="a">Entebbe, Uganda :</subfield>
    <subfield code="b">SIL International, Uganda,</subfield>
    <subfield code="c">2006.</subfield>
  </datafield>
  <datafield ind1=" " ind2=" " tag="300">
    <subfield code="a">7, 12, [9] p. ;</subfield>
    <subfield code="c">30 cm.</subfield>
  </datafield>
  <datafield ind1=" " ind2=" " tag="500">
    <subfield code="a">"Comprised of the Alphabet Development Guide and the Alphabet Development Worksheet, with appendixes" -- t.p.</subfield>
  </datafield>
  <datafield ind1=" " ind2=" " tag="500">
    <subfield code="a">The CD-ROM Rempel manuals [on literacy topics] includes this title in electronic format.</subfield>
  </datafield>
  <datafield ind1=" " ind2=" " tag="546">
    <subfield code="a">English with some parallel terms in Swahili.</subfield>
  </datafield>
  <datafield ind1=" " ind2=" " tag="590">
    <subfield code="a">swh</subfield>
    <subfield code="2">Ethnologue 15 = ISO/DIS 639-3</subfield>
  </datafield>
  <datafield ind1=" " ind2="0" tag="650">
    <subfield code="a">Literacy</subfield>
    <subfield code="v">Handbooks, manuals, etc.</subfield>
  </datafield>
  <datafield ind1=" " ind2="0" tag="650">
    <subfield code="a">Language and languages</subfield>
    <subfield code="x">Orthography and spelling.</subfield>
  </datafield>
  <datafield ind1=" " ind2="0" tag="650">
    <subfield code="a">Alphabet.</subfield>
  </datafield>
  <datafield ind1=" " ind2="0" tag="650">
    <subfield code="a">Writing.</subfield>
  </datafield>
  <datafield ind1=" " ind2=" " tag="035">
    <subfield code="a">(TxDaGIAL)37741100034437</subfield>
  </datafield>
  <controlfield tag="005">20080624172555.0</controlfield>
  <controlfield tag="001">28068</controlfield>
  <controlfield tag="003">TxDaGIAL</controlfield>
  <datafield ind1=" " ind2=" " tag="852">
    <subfield code="p">37741100034437</subfield>
    <subfield code="a">Library</subfield>
    <subfield code="9">$3.00</subfield>
    <subfield code="x">FUND:LD-Lite</subfield>
    <subfield code="x">COPYID:35061</subfield>
    <subfield code="x">FSC@aRegular@c20070102</subfield>
    <subfield code="h">302.2244 R389a 2006</subfield>
    <subfield code="z">Direct Robin Rempel 11-06</subfield>
  </datafield>
</record>