
<?xml version="1.0"?>
<record>
  <leader>01323ntm a2200313 a 4500</leader>
  <controlfield tag="008">060330s1976    xx a    rbm   001 0 eng d</controlfield>
  <datafield ind1=" " ind2=" " tag="035">
    <subfield code="a">(OCoLC) 3716123</subfield>
  </datafield>
  <datafield ind1=" " ind2=" " tag="040">
    <subfield code="a">TxDaGIAL</subfield>
    <subfield code="c">TxDaGIAL</subfield>
  </datafield>
  <datafield ind1="1" ind2=" " tag="041">
    <subfield code="a">engbnt</subfield>
  </datafield>
  <datafield ind1="0" ind2="4" tag="082">
    <subfield code="a">303.69</subfield>
    <subfield code="2">22</subfield>
  </datafield>
  <datafield ind1="1" ind2=" " tag="100">
    <subfield code="a">Johnston, Marguerite Bradley,</subfield>
    <subfield code="d">1946-</subfield>
  </datafield>
  <datafield ind1="1" ind2="0" tag="245">
    <subfield code="a">Dispute settlement among the Giriama of Kenya</subfield>
    <subfield code="h">[manuscript] /</subfield>
    <subfield code="c">Marguerite Bradley Johnston.</subfield>
  </datafield>
  <datafield ind1=" " ind2=" " tag="260">
    <subfield code="c">c1976.</subfield>
  </datafield>
  <datafield ind1=" " ind2=" " tag="300">
    <subfield code="a">xxviii, 364 leaves :</subfield>
    <subfield code="b">ill. ;</subfield>
    <subfield code="c">28 cm.</subfield>
  </datafield>
  <datafield ind1=" " ind2=" " tag="504">
    <subfield code="a">Includes bibliographical references (leaves xvii-xix) and index.</subfield>
  </datafield>
  <datafield ind1=" " ind2=" " tag="502">
    <subfield code="a">Thesis (Ph.D.) -- University of Pennsylvania, 1976.</subfield>
  </datafield>
  <datafield ind1=" " ind2=" " tag="533">
    <subfield code="a">Photocopy.</subfield>
    <subfield code="b">Ann Arbor, Mich. :</subfield>
    <subfield code="c">University Microfilms International,</subfield>
    <subfield code="d">1986.</subfield>
    <subfield code="e">21 cm.</subfield>
  </datafield>
  <datafield ind1=" " ind2=" " tag="546">
    <subfield code="a">English with occasional terms in Giryama language.</subfield>
  </datafield>
  <datafield ind1=" " ind2=" " tag="590">
    <subfield code="a">nyf</subfield>
    <subfield code="2">Ethnologue 15 = ISO/DIS 639-3</subfield>
  </datafield>
  <datafield ind1=" " ind2="0" tag="650">
    <subfield code="a">Giryama (African people)</subfield>
    <subfield code="z">Kenya.</subfield>
  </datafield>
  <datafield ind1=" " ind2="0" tag="650">
    <subfield code="a">Conflict management</subfield>
    <subfield code="z">Kenya</subfield>
    <subfield code="z">Coast Province.</subfield>
  </datafield>
  <datafield ind1=" " ind2="0" tag="650">
    <subfield code="a">Dispute resolution (Law)</subfield>
    <subfield code="z">Kenya</subfield>
    <subfield code="z">Coast Province.</subfield>
  </datafield>
  <datafield ind1=" " ind2="0" tag="650">
    <subfield code="a">Ethnology</subfield>
    <subfield code="z">Kenya</subfield>
    <subfield code="z">Coast Province.</subfield>
  </datafield>
  <datafield ind1="2" ind2="0" tag="610">
    <subfield code="a">University of Pennsylvania.</subfield>
    <subfield code="b">Thesis.</subfield>
  </datafield>
  <datafield ind1=" " ind2=" " tag="035">
    <subfield code="a">(TxDaGIAL)37741100029748</subfield>
  </datafield>
  <controlfield tag="005">20080624172555.0</controlfield>
  <controlfield tag="001">28069</controlfield>
  <controlfield tag="003">TxDaGIAL</controlfield>
  <datafield ind1=" " ind2=" " tag="852">
    <subfield code="p">37741100029748</subfield>
    <subfield code="a">Library</subfield>
    <subfield code="9">$0.00</subfield>
    <subfield code="x">FUND:Gift</subfield>
    <subfield code="x">COPYID:35062</subfield>
    <subfield code="x">FSC@aRegular@c20060410</subfield>
    <subfield code="h">303.69 J73d 1976</subfield>
    <subfield code="z">Gift Rich Mansen 4-03</subfield>
  </datafield>
</record>