
<?xml version="1.0"?>
<record>
  <leader>01503nam a2200337 a 4500</leader>
  <controlfield tag="008">070508s2006    cc af         000 0deng d</controlfield>
  <datafield ind1=" " ind2=" " tag="020">
    <subfield code="a">753673655X</subfield>
  </datafield>
  <datafield ind1=" " ind2=" " tag="040">
    <subfield code="a">TxDaGIAL</subfield>
    <subfield code="c">TxDaGIAL</subfield>
  </datafield>
  <datafield ind1="1" ind2=" " tag="041">
    <subfield code="a">engchisit</subfield>
    <subfield code="h">eng</subfield>
  </datafield>
  <datafield ind1="0" ind2="4" tag="082">
    <subfield code="a">305.8/95</subfield>
    <subfield code="2">22</subfield>
  </datafield>
  <datafield ind1="1" ind2=" " tag="100">
    <subfield code="a">Pinson, Jacqueline S.</subfield>
  </datafield>
  <datafield ind1="1" ind2="0" tag="245">
    <subfield code="a">What you can't see is medicine :</subfield>
    <subfield code="b">Naxi culture through American eyes /</subfield>
    <subfield code="c">Jacqueline S. Pinson ; translated by Zhao Qinglian and He Lifeng.</subfield>
  </datafield>
  <datafield ind1=" " ind2=" " tag="260">
    <subfield code="a">Yunnan, China :</subfield>
    <subfield code="b">Nationalities Pub. House of Yunnan,</subfield>
    <subfield code="c">[2006]</subfield>
  </datafield>
  <datafield ind1=" " ind2=" " tag="300">
    <subfield code="a">9 p., 164 p., 6p. 108 p. [16] p. of plates :</subfield>
    <subfield code="b">col. ill. ;</subfield>
    <subfield code="c">22 cm.</subfield>
  </datafield>
  <datafield ind1=" " ind2=" " tag="500">
    <subfield code="a">Includes Naxi Pinyin pronunciation guide and glossary.</subfield>
  </datafield>
  <datafield ind1=" " ind2=" " tag="500">
    <subfield code="a">In two parts, English and Chinese, bound back to back and inverted.</subfield>
  </datafield>
  <datafield ind1=" " ind2=" " tag="500">
    <subfield code="a">Joint publication series: Yunnan Minority Language Commission, SIL International.</subfield>
  </datafield>
  <datafield ind1=" " ind2=" " tag="500">
    <subfield code="a">Includes title page in Chinese.</subfield>
  </datafield>
  <datafield ind1=" " ind2=" " tag="546">
    <subfield code="a">In English or Chinese, with occasional terms in Naxi Pinyin.</subfield>
  </datafield>
  <datafield ind1=" " ind2=" " tag="590">
    <subfield code="a">nbf</subfield>
    <subfield code="2">Ethnologue 15 = ISO 639-3</subfield>
  </datafield>
  <datafield ind1=" " ind2="0" tag="650">
    <subfield code="a">Naxi (Chinese people)</subfield>
    <subfield code="x">Social life and customs.</subfield>
  </datafield>
  <datafield ind1=" " ind2="0" tag="650">
    <subfield code="a">Naxi (Chinese people)</subfield>
    <subfield code="x">Rites and ceremonies.</subfield>
  </datafield>
  <datafield ind1="1" ind2=" " tag="700">
    <subfield code="a">Quinglian, Zhao.</subfield>
  </datafield>
  <datafield ind1="1" ind2=" " tag="700">
    <subfield code="a">He, Lifeng.</subfield>
  </datafield>
  <datafield ind1="2" ind2=" " tag="710">
    <subfield code="a">Yunnan Minority Language Commission.</subfield>
  </datafield>
  <datafield ind1="2" ind2=" " tag="710">
    <subfield code="a">SIL International.</subfield>
  </datafield>
  <datafield ind1=" " ind2=" " tag="035">
    <subfield code="a">(TxDaGIAL)37741100034767</subfield>
  </datafield>
  <controlfield tag="005">20080624172556.0</controlfield>
  <controlfield tag="001">28071</controlfield>
  <controlfield tag="003">TxDaGIAL</controlfield>
  <datafield ind1=" " ind2=" " tag="852">
    <subfield code="p">37741100034767</subfield>
    <subfield code="a">Library</subfield>
    <subfield code="9">$0.00</subfield>
    <subfield code="x">FUND:Gift</subfield>
    <subfield code="x">COPYID:35064</subfield>
    <subfield code="x">FSC@aRegular@c20070525</subfield>
    <subfield code="h">305.892 P658w 2006</subfield>
    <subfield code="z">Gift East Asia Group 3-07</subfield>
  </datafield>
</record>