
<?xml version="1.0"?>
<record>
  <leader>01285nam a2200313 a 4500</leader>
  <controlfield tag="008">060301s1965    ec ab    d    000 0 spa d</controlfield>
  <datafield ind1=" " ind2=" " tag="035">
    <subfield code="a">(OCoLC)04870700</subfield>
  </datafield>
  <datafield ind1=" " ind2=" " tag="040">
    <subfield code="a">TxDaGIAL</subfield>
    <subfield code="c">TxDaGIAL</subfield>
  </datafield>
  <datafield ind1="1" ind2=" " tag="041">
    <subfield code="a">spasai</subfield>
  </datafield>
  <datafield ind1="0" ind2="4" tag="082">
    <subfield code="a">305.8/982</subfield>
    <subfield code="2">22</subfield>
  </datafield>
  <datafield ind1="1" ind2=" " tag="100">
    <subfield code="a">Costales Samaniego, Alfredo.</subfield>
  </datafield>
  <datafield ind1="1" ind2="4" tag="245">
    <subfield code="a">Los indios Colorados /</subfield>
    <subfield code="c">por Alfredo Costales Samaniego . Diccionario castellano-colorado / por Bruce R. Moore.</subfield>
  </datafield>
  <datafield ind1=" " ind2=" " tag="260">
    <subfield code="a">Quito :</subfield>
    <subfield code="b">Instituto Ecuatoriano de Antropolog&#xA9;&#x1AF;a y Geograf&#xA9;&#x1AF;a,</subfield>
    <subfield code="c">1965.</subfield>
  </datafield>
  <datafield ind1=" " ind2=" " tag="300">
    <subfield code="a">221 p. :</subfield>
    <subfield code="b">ill., maps ;</subfield>
    <subfield code="c">21 cm.</subfield>
  </datafield>
  <datafield ind1="1" ind2=" " tag="490">
    <subfield code="a">Llacta ;</subfield>
    <subfield code="v">v. 22</subfield>
  </datafield>
  <datafield ind1=" " ind2=" " tag="546">
    <subfield code="a">In Spanish with parallel text in Colorado, a language of Ecuador.</subfield>
  </datafield>
  <datafield ind1=" " ind2=" " tag="590">
    <subfield code="a">cof</subfield>
    <subfield code="2">Ethnologue 15 = ISO/DIS 639-3</subfield>
  </datafield>
  <datafield ind1=" " ind2="0" tag="650">
    <subfield code="a">Colorado Indians (Ecuador)</subfield>
  </datafield>
  <datafield ind1=" " ind2="0" tag="650">
    <subfield code="a">Indians of South America</subfield>
    <subfield code="z">Ecuador</subfield>
    <subfield code="x">Languages.</subfield>
  </datafield>
  <datafield ind1=" " ind2="0" tag="650">
    <subfield code="a">Colorado language</subfield>
    <subfield code="v">Dictionaries</subfield>
    <subfield code="x">Spanish.</subfield>
  </datafield>
  <datafield ind1=" " ind2="0" tag="650">
    <subfield code="a">Colorado language</subfield>
    <subfield code="v">Glossaries, vocabularies, etc.</subfield>
  </datafield>
  <datafield ind1="1" ind2=" " tag="700">
    <subfield code="a">Moore, Bruce R.</subfield>
  </datafield>
  <datafield ind1="0" ind2=" " tag="740">
    <subfield code="a">Diccionario castellano-colorado.</subfield>
  </datafield>
  <datafield ind1=" " ind2="0" tag="830">
    <subfield code="a">Serie Llacta</subfield>
    <subfield code="v">v. 22.</subfield>
  </datafield>
  <datafield ind1=" " ind2=" " tag="035">
    <subfield code="a">(TxDaGIAL)37741100029628</subfield>
  </datafield>
  <controlfield tag="005">20080624172556.0</controlfield>
  <controlfield tag="001">28072</controlfield>
  <controlfield tag="003">TxDaGIAL</controlfield>
  <datafield ind1=" " ind2=" " tag="852">
    <subfield code="p">37741100029628</subfield>
    <subfield code="a">Library</subfield>
    <subfield code="9">$0.00</subfield>
    <subfield code="x">FUND:Gift</subfield>
    <subfield code="x">COPYID:35065</subfield>
    <subfield code="x">FSC@aRegular@c20060310</subfield>
    <subfield code="h">305.8982 C837i 1965</subfield>
    <subfield code="z">Gift SIL-Languge and Culture Archives 6-04</subfield>
  </datafield>
</record>