
<?xml version="1.0"?>
<record>
  <leader>01780cam a2200337 a 4500</leader>
  <controlfield tag="008">060522s1996    txua          000 0bque d</controlfield>
  <datafield ind1=" " ind2=" " tag="040">
    <subfield code="a">TxDaGIAL</subfield>
    <subfield code="c">TxDaGIAL</subfield>
  </datafield>
  <datafield ind1="0" ind2=" " tag="041">
    <subfield code="a">que</subfield>
  </datafield>
  <datafield ind1=" " ind2="4" tag="050">
    <subfield code="a">F3351.P5</subfield>
    <subfield code="b">M67 1998</subfield>
  </datafield>
  <datafield ind1="0" ind2="4" tag="082">
    <subfield code="a">305.8/9823</subfield>
    <subfield code="2">22</subfield>
  </datafield>
  <datafield ind1="1" ind2=" " tag="100">
    <subfield code="a">Morat&#xA9;&#x111; Pe&#xA9;&#x142;a, Luis.</subfield>
  </datafield>
  <datafield ind1="1" ind2="0" tag="245">
    <subfield code="a">Mama Florencia :</subfield>
    <subfield code="b">life in the Andean village of Pocona in Bolivia, South America : the Quechua text /</subfield>
    <subfield code="c">by Luis Morat&#xA9;&#x111; Pe&#xA9;&#x142;a in dialogue with his mother, the late Florencia Pe&#xA9;&#x142;a viuda de Morat&#xA9;&#x111; ; edited by Donald H. Burns.</subfield>
  </datafield>
  <datafield ind1=" " ind2=" " tag="260">
    <subfield code="a">Dallas, Texas :</subfield>
    <subfield code="b">Summer Institute of Linguistics,</subfield>
    <subfield code="c">1996.</subfield>
  </datafield>
  <datafield ind1=" " ind2=" " tag="300">
    <subfield code="a">d, 102 p. :</subfield>
    <subfield code="b">ill. ;</subfield>
    <subfield code="c">22 cm.</subfield>
  </datafield>
  <datafield ind1=" " ind2=" " tag="500">
    <subfield code="a">Also available in a tri-glot version pub. in 1998, with Quechua text translated into Spanish and English.</subfield>
  </datafield>
  <datafield ind1=" " ind2=" " tag="500">
    <subfield code="a">"My mother's eighty-six years encompassed the period of the great social transformation of the Bolivian peasantry, the movement from servitude to freedom, all of which occurred before, during and after the Bolivian Agrarian Reform of August 2, 1953." -- p. iii of the English/Spanish/Quechua ed.</subfield>
  </datafield>
  <datafield ind1=" " ind2=" " tag="546">
    <subfield code="a">In Quechua.</subfield>
  </datafield>
  <datafield ind1=" " ind2=" " tag="590">
    <subfield code="a">quh</subfield>
    <subfield code="2">Ethnologue 15 = ISO 639-3</subfield>
  </datafield>
  <datafield ind1="1" ind2="0" tag="600">
    <subfield code="a">Pe&#xA9;&#x142;a de Morat&#xA9;&#x111;, Florencia.</subfield>
  </datafield>
  <datafield ind1=" " ind2="0" tag="650">
    <subfield code="a">Quechua language</subfield>
    <subfield code="v">Texts.</subfield>
  </datafield>
  <datafield ind1=" " ind2="0" tag="650">
    <subfield code="a">Quechua Indians</subfield>
    <subfield code="z">Bolivia</subfield>
    <subfield code="x">Social life and customs.</subfield>
  </datafield>
  <datafield ind1=" " ind2="0" tag="650">
    <subfield code="a">Quechua Indians</subfield>
    <subfield code="z">Bolivia</subfield>
    <subfield code="x">Social conditions.</subfield>
  </datafield>
  <datafield ind1=" " ind2="0" tag="651">
    <subfield code="a">Pocona (Bolivia)</subfield>
    <subfield code="x">Social life and customs.</subfield>
  </datafield>
  <datafield ind1=" " ind2="0" tag="651">
    <subfield code="a">Pocona (Bolivia)</subfield>
    <subfield code="x">Social conditions.</subfield>
  </datafield>
  <datafield ind1=" " ind2="0" tag="651">
    <subfield code="a">Pocona (Bolivia)</subfield>
    <subfield code="x">Hstory</subfield>
    <subfield code="y">20th century.</subfield>
  </datafield>
  <datafield ind1="1" ind2=" " tag="700">
    <subfield code="a">Burns, Donald H.</subfield>
  </datafield>
  <datafield ind1=" " ind2=" " tag="035">
    <subfield code="a">(TxDaGIAL)37741100035192</subfield>
  </datafield>
  <controlfield tag="005">20080624172556.0</controlfield>
  <controlfield tag="001">28073</controlfield>
  <controlfield tag="003">TxDaGIAL</controlfield>
  <datafield ind1=" " ind2=" " tag="852">
    <subfield code="p">37741100035192</subfield>
    <subfield code="a">Library</subfield>
    <subfield code="9">$0.00</subfield>
    <subfield code="x">FUND:Gift</subfield>
    <subfield code="x">COPYID:35066</subfield>
    <subfield code="x">FSC@aRegular@c20080131</subfield>
    <subfield code="h">305.89823 M831m.Q 1996</subfield>
    <subfield code="z">Gift Don and Nadine Burns 9-05</subfield>
  </datafield>
</record>