
<?xml version="1.0"?>
<record>
  <leader>01713cam a2200409 a 4500</leader>
  <controlfield tag="008">971216s1998    at a     b    000 0 eng d</controlfield>
  <datafield ind1=" " ind2=" " tag="020">
    <subfield code="a">0868924377 :</subfield>
    <subfield code="c">$20.00</subfield>
  </datafield>
  <datafield ind1=" " ind2=" " tag="035">
    <subfield code="a">MAHGBMJ11253-B</subfield>
  </datafield>
  <datafield ind1=" " ind2=" " tag="035">
    <subfield code="a">(MH)MHBMJ11253HU</subfield>
  </datafield>
  <datafield ind1=" " ind2=" " tag="035">
    <subfield code="a">(OCoLC)38835528</subfield>
  </datafield>
  <datafield ind1=" " ind2=" " tag="035">
    <subfield code="a">(CStRLIN)NYCXARB5610-B</subfield>
  </datafield>
  <datafield ind1=" " ind2=" " tag="035">
    <subfield code="a">(NIC)notisARB5610</subfield>
  </datafield>
  <datafield ind1=" " ind2=" " tag="040">
    <subfield code="a">*AUT*</subfield>
    <subfield code="c">*AUT*</subfield>
    <subfield code="d">MH</subfield>
    <subfield code="d">CStRLIN</subfield>
    <subfield code="d">TxDaGIAL</subfield>
  </datafield>
  <datafield ind1="0" ind2=" " tag="041">
    <subfield code="a">engaus</subfield>
  </datafield>
  <datafield ind1=" " ind2=" " tag="043">
    <subfield code="a">u-at---</subfield>
  </datafield>
  <datafield ind1="0" ind2=" " tag="082">
    <subfield code="a">305.89915</subfield>
    <subfield code="2">21</subfield>
  </datafield>
  <datafield ind1="1" ind2=" " tag="100">
    <subfield code="a">Sayers, Barbara J.</subfield>
  </datafield>
  <datafield ind1="1" ind2="2" tag="245">
    <subfield code="a">A fair go :</subfield>
    <subfield code="b">Aboriginal living and learning in the dominant Australian culture /</subfield>
    <subfield code="c">Barbara J. Sayers.</subfield>
  </datafield>
  <datafield ind1=" " ind2=" " tag="260">
    <subfield code="a">Darwin :</subfield>
    <subfield code="b">Summer Institute of Linguistics, Australian Aborigines and Islanders Branch,</subfield>
    <subfield code="c">c1998.</subfield>
  </datafield>
  <datafield ind1=" " ind2=" " tag="300">
    <subfield code="a">viii, 103 p. :</subfield>
    <subfield code="b">ill. ;</subfield>
    <subfield code="c">29 cm.</subfield>
  </datafield>
  <datafield ind1="1" ind2=" " tag="490">
    <subfield code="a">SIL-AAIB occasional papers,</subfield>
    <subfield code="x">1036-1243 ;</subfield>
    <subfield code="v">no. 5</subfield>
  </datafield>
  <datafield ind1=" " ind2=" " tag="504">
    <subfield code="a">Includes bibliographical references (p. 99-103)</subfield>
  </datafield>
  <datafield ind1="8" ind2=" " tag="505">
    <subfield code="a">pt. 1. Papers on language and communication -- pt. 2. Papers on learning and education</subfield>
  </datafield>
  <datafield ind1=" " ind2=" " tag="546">
    <subfield code="a">English with interlinear text in Wik-Mungkan language.</subfield>
  </datafield>
  <datafield ind1=" " ind2=" " tag="590">
    <subfield code="a">wim</subfield>
    <subfield code="2">Ethnologue 15 = ISO 639-3</subfield>
  </datafield>
  <datafield ind1=" " ind2=" " tag="590">
    <subfield code="a">GIAL-affiliated circulation only</subfield>
  </datafield>
  <datafield ind1=" " ind2="0" tag="650">
    <subfield code="a">Intercultural communication</subfield>
    <subfield code="z">Australia.</subfield>
  </datafield>
  <datafield ind1=" " ind2="0" tag="650">
    <subfield code="a">Aboriginal Australians</subfield>
    <subfield code="x">Social conditions.</subfield>
  </datafield>
  <datafield ind1=" " ind2="0" tag="650">
    <subfield code="a">Aboriginal Australians</subfield>
    <subfield code="x">Education.</subfield>
  </datafield>
  <datafield ind1=" " ind2="0" tag="650">
    <subfield code="a">Wik-Munkan language.</subfield>
  </datafield>
  <datafield ind1="2" ind2=" " tag="710">
    <subfield code="a">Summer Institute of Linguistics.</subfield>
    <subfield code="b">Australian Aborigines and Islanders Branch.</subfield>
  </datafield>
  <datafield ind1=" " ind2="0" tag="830">
    <subfield code="a">SIL-AAIB occasional papers ;</subfield>
    <subfield code="v">no. 5.</subfield>
  </datafield>
  <datafield ind1=" " ind2=" " tag="035">
    <subfield code="a">(TxDaGIAL)37741100035139</subfield>
  </datafield>
  <controlfield tag="005">20080624172556.0</controlfield>
  <controlfield tag="001">28074</controlfield>
  <controlfield tag="003">TxDaGIAL</controlfield>
  <datafield ind1=" " ind2=" " tag="852">
    <subfield code="p">37741100035139</subfield>
    <subfield code="a">Library</subfield>
    <subfield code="9">$0.00</subfield>
    <subfield code="x">FUND:Gift</subfield>
    <subfield code="x">COPYID:35067</subfield>
    <subfield code="x">FSC@aBOOK-LOCAL@c20071207</subfield>
    <subfield code="h">305.89915 S274f 1998</subfield>
    <subfield code="z">Gift 1-07</subfield>
  </datafield>
</record>