
<?xml version="1.0"?>
<record>
  <leader>01691cam a2200385 a 4500</leader>
  <controlfield tag="008">721006s1918    wauabf   b   f001 0 eng  </controlfield>
  <datafield ind1=" " ind2=" " tag="010">
    <subfield code="a">   19026508</subfield>
  </datafield>
  <datafield ind1=" " ind2=" " tag="035">
    <subfield code="a">(OCoLC)424421</subfield>
  </datafield>
  <datafield ind1=" " ind2=" " tag="035">
    <subfield code="a">(DLC)5909899</subfield>
  </datafield>
  <datafield ind1=" " ind2=" " tag="040">
    <subfield code="a">DLC</subfield>
    <subfield code="c">ODaWU</subfield>
    <subfield code="d">OCoLC</subfield>
    <subfield code="d">DLC</subfield>
    <subfield code="d">TxDaGIAL</subfield>
  </datafield>
  <datafield ind1="0" ind2=" " tag="041">
    <subfield code="a">engspamyn</subfield>
  </datafield>
  <datafield ind1="0" ind2="0" tag="050">
    <subfield code="a">E51</subfield>
    <subfield code="b">.U6 no. 64</subfield>
  </datafield>
  <datafield ind1=" " ind2=" " tag="051">
    <subfield code="a">F1435</subfield>
    <subfield code="b">.G19.</subfield>
  </datafield>
  <datafield ind1=" " ind2=" " tag="051">
    <subfield code="a">F1435</subfield>
    <subfield code="b">.G19 Copy 4</subfield>
    <subfield code="c">Provenance: Gift of Jay I. Kislak Foundation.</subfield>
  </datafield>
  <datafield ind1="0" ind2="4" tag="082">
    <subfield code="a">306.05</subfield>
    <subfield code="b">22</subfield>
  </datafield>
  <datafield ind1="1" ind2=" " tag="100">
    <subfield code="a">Gann, Thomas William Francis,</subfield>
    <subfield code="d">1867-1938.</subfield>
  </datafield>
  <datafield ind1="1" ind2="4" tag="245">
    <subfield code="a">The Maya Indians of southern Yucatan and northern British Honduras /</subfield>
    <subfield code="c">by Thomas W. F. Gann.</subfield>
  </datafield>
  <datafield ind1=" " ind2=" " tag="260">
    <subfield code="a">Washington :</subfield>
    <subfield code="b">Govt. print. off.,</subfield>
    <subfield code="c">1918.</subfield>
  </datafield>
  <datafield ind1=" " ind2=" " tag="300">
    <subfield code="a">146 p. :</subfield>
    <subfield code="b">ill., 28 pl. (incl. map) on 23 l. (part col.) ;</subfield>
    <subfield code="c">24 cm.</subfield>
  </datafield>
  <datafield ind1="0" ind2=" " tag="490">
    <subfield code="a">Smithsonian institution. Bureau of American ethnology. Bulletin 64</subfield>
  </datafield>
  <datafield ind1=" " ind2=" " tag="504">
    <subfield code="a">Includes bibliographical references (p. 143) and index.</subfield>
  </datafield>
  <datafield ind1=" " ind2=" " tag="546">
    <subfield code="a">In English with occasional text in Spanish and occasional parallel text in Yucat&#xA9;&#x141;n Maya language.</subfield>
  </datafield>
  <datafield ind1=" " ind2=" " tag="590">
    <subfield code="a">yua</subfield>
    <subfield code="2">Ethnologue 15 = ISO/DIS 639-3</subfield>
  </datafield>
  <datafield ind1=" " ind2="0" tag="650">
    <subfield code="a">Mayas</subfield>
    <subfield code="x">Antiquities.</subfield>
  </datafield>
  <datafield ind1=" " ind2="0" tag="650">
    <subfield code="a">Indians of Central America</subfield>
    <subfield code="x">Antiquities.</subfield>
  </datafield>
  <datafield ind1=" " ind2="0" tag="650">
    <subfield code="a">Mayas</subfield>
    <subfield code="x">Social life and customs.</subfield>
  </datafield>
  <datafield ind1=" " ind2="0" tag="650">
    <subfield code="a">Indians of Central America</subfield>
    <subfield code="x">Social life and customs.</subfield>
  </datafield>
  <datafield ind1=" " ind2="0" tag="651">
    <subfield code="a">Yucat&#xA9;&#x141;n (Mexico : State)</subfield>
    <subfield code="x">Antiquities.</subfield>
  </datafield>
  <datafield ind1=" " ind2="0" tag="651">
    <subfield code="a">Belize</subfield>
    <subfield code="x">Antiquities.</subfield>
  </datafield>
  <datafield ind1="2" ind2=" " tag="710">
    <subfield code="a">Jay I. Kislak Reference Collection (Library of Congress).</subfield>
    <subfield code="5">DLC</subfield>
  </datafield>
  <datafield ind1=" " ind2=" " tag="035">
    <subfield code="a">(TxDaGIAL)37741100034363</subfield>
  </datafield>
  <controlfield tag="005">20080624172556.0</controlfield>
  <controlfield tag="001">28075</controlfield>
  <controlfield tag="003">TxDaGIAL</controlfield>
  <datafield ind1=" " ind2=" " tag="852">
    <subfield code="p">37741100034363</subfield>
    <subfield code="a">Library</subfield>
    <subfield code="9">$0.00</subfield>
    <subfield code="x">FUND:Gift</subfield>
    <subfield code="x">COPYID:35068</subfield>
    <subfield code="x">FSC@aRegular@c20060907</subfield>
    <subfield code="h">306.05 S664b 064 1918</subfield>
    <subfield code="z">Gift SIL-Language and Culture Archives 6-04</subfield>
  </datafield>
</record>