
<?xml version="1.0"?>
<record>
  <leader>03515cam a2200385 a 4500</leader>
  <controlfield tag="008">020424s2005    maua     b    001 0 eng  </controlfield>
  <datafield ind1=" " ind2=" " tag="010">
    <subfield code="a">  2002006515</subfield>
  </datafield>
  <datafield ind1=" " ind2=" " tag="020">
    <subfield code="a">0631225021 (alk. paper)</subfield>
  </datafield>
  <datafield ind1=" " ind2=" " tag="020">
    <subfield code="a">063122503x (alk. paper : pbk)</subfield>
  </datafield>
  <datafield ind1=" " ind2=" " tag="040">
    <subfield code="a">DLC</subfield>
    <subfield code="c">DLC</subfield>
    <subfield code="d">DLC</subfield>
    <subfield code="d">TxDaGIAL</subfield>
  </datafield>
  <datafield ind1="1" ind2=" " tag="041">
    <subfield code="a">engmul</subfield>
  </datafield>
  <datafield ind1="0" ind2="0" tag="050">
    <subfield code="a">P120.S48</subfield>
    <subfield code="b">H36 2003</subfield>
  </datafield>
  <datafield ind1="0" ind2="0" tag="082">
    <subfield code="a">306.44</subfield>
    <subfield code="2">21</subfield>
  </datafield>
  <datafield ind1="0" ind2="4" tag="245">
    <subfield code="a">The handbook of language and gender /</subfield>
    <subfield code="c">edited by Janet Holmes and Miriam Meyerhoff.</subfield>
  </datafield>
  <datafield ind1=" " ind2=" " tag="260">
    <subfield code="a">Malden, MA :</subfield>
    <subfield code="b">Blackwell,</subfield>
    <subfield code="c">c2003, 2005.</subfield>
  </datafield>
  <datafield ind1=" " ind2=" " tag="300">
    <subfield code="a">xv, 759 p. :</subfield>
    <subfield code="b">ill. ;</subfield>
    <subfield code="c">26 cm.</subfield>
  </datafield>
  <datafield ind1=" " ind2="0" tag="440">
    <subfield code="a">Blackwell handbooks in linguistics ;</subfield>
    <subfield code="v">13</subfield>
  </datafield>
  <datafield ind1=" " ind2=" " tag="504">
    <subfield code="a">Includes bibliographical references and index.</subfield>
  </datafield>
  <datafield ind1="8" ind2=" " tag="505">
    <subfield code="a">Different Voices, Different Views: An Introduction to Current Research in Language and Gender / Janet Holmes and Miriam Meyerhoff -- Pt. I. History and Theoretical Background to the Study of Language and Gender -- 1. Theorizing Gender in Sociolinguistics and Linguistic Anthropology / Bonnie McElhinny -- 2. Theories of Discourse as Theories of Gender: Discourse Analysis in Language and Gender Studies / Mary Bucholtz -- 3. "What's in a Name?" Social Labeling and Gender Practices / Sally McConnell-Ginet -- 4. Variation in Language and Gender / Suzanne Romaine -- 5. Language and Desire / Don Kulick -- 6. "One Man in Two is a Woman": Linguistic Approaches to Gender in Literary Tests / Anna Livia -- Pt. II. Negotiating Relations -- 7. Language, Gender, and Politics: Putting "Women" and "Power" in the Same Sentence / Robin Lakoff -- 8. Gender and Family Interaction / Deborah Tannen -- 9. Gender and Power in On-line Communication / Susan C. Herring -- 10. The Relevance of Ethnicity, Class, and Gender in Children's Peer Negotiations / Marjorie Harness Goodwin -- 11. The Power of Gender Ideologies in Discourse / Susan U. Philips -- Pt. III. Authenticity and Place -- 12. Crossing Genders, Mixing Languages: The Linguistic Construction of Transgenderism in Tonga / Niko Besnier -- 13. Claiming a Place: Gender, Knowledge, and Authority as Emergent Properties / Miriam Meyerhoff -- 14. Constructing and Managing Male Exclusivity in Talk-in-interaction / Jack Sidnell -- 15. Exceptional Speakers: Contested and Problematized Gender Identities / Kira Hall -- 16. Language and Gender in Adolescence / Penelope Eckert -- 17. Language and Gendered Modernity / William L. Leap -- 18. A Marked Man: The Contexts of Gender and Ethnicity / Sara Trechter -- Pt. IV. Stereotypes and Norms -- 19. Gender and Language Ideologies / Deborah Cameron -- 20. Gender Stereotypes: Reproduction and Challenge / Mary Talbot -- 21. Gender and Identity: Representation and Social Action / Ann Weatherall and Cindy Gallois -- 22. Prestige, Cultural Models, and Other</subfield>
  </datafield>
  <datafield ind1=" " ind2=" " tag="546">
    <subfield code="a">In English, with occasional parallel text in other languages, including Tongan, Guyanese Creole, and Lakota.</subfield>
  </datafield>
  <datafield ind1=" " ind2=" " tag="594">
    <subfield code="a">ton</subfield>
    <subfield code="2">Ethnologue 15 = ISO 639-3</subfield>
  </datafield>
  <datafield ind1=" " ind2=" " tag="594">
    <subfield code="a">gyn</subfield>
    <subfield code="2">Ethnologue 15 = ISO 639-3</subfield>
  </datafield>
  <datafield ind1=" " ind2=" " tag="590">
    <subfield code="a">lkt</subfield>
    <subfield code="2">Ethnologue 15 = ISO 639-3</subfield>
  </datafield>
  <datafield ind1=" " ind2="0" tag="650">
    <subfield code="a">Language and sex.</subfield>
  </datafield>
  <datafield ind1=" " ind2="0" tag="650">
    <subfield code="a">Language and languages</subfield>
    <subfield code="x">Sex differences.</subfield>
  </datafield>
  <datafield ind1=" " ind2="0" tag="650">
    <subfield code="a">Communication</subfield>
    <subfield code="x">Sex differences.</subfield>
  </datafield>
  <datafield ind1="0" ind2="0" tag="630">
    <subfield code="a">Gender and society.</subfield>
  </datafield>
  <datafield ind1=" " ind2="0" tag="650">
    <subfield code="a">Sexism in language.</subfield>
  </datafield>
  <datafield ind1="1" ind2=" " tag="700">
    <subfield code="a">Holmes, Janet,</subfield>
    <subfield code="d">1947-</subfield>
  </datafield>
  <datafield ind1="1" ind2=" " tag="700">
    <subfield code="a">Meyerhoff, Miriam.</subfield>
  </datafield>
  <datafield ind1=" " ind2=" " tag="035">
    <subfield code="a">(TxDaGIAL)37741100035257</subfield>
  </datafield>
  <controlfield tag="005">20080624172557.0</controlfield>
  <controlfield tag="001">28076</controlfield>
  <controlfield tag="003">TxDaGIAL</controlfield>
  <datafield ind1=" " ind2=" " tag="852">
    <subfield code="p">37741100035257</subfield>
    <subfield code="a">Library</subfield>
    <subfield code="9">$34.99</subfield>
    <subfield code="x">FUND:LD-Sociol</subfield>
    <subfield code="x">COPYID:35069</subfield>
    <subfield code="x">FSC@aRegular@c20080312</subfield>
    <subfield code="h">306.44 H236hm 2005</subfield>
    <subfield code="z">Direct Amazon-MO:epbruno 2-08</subfield>
  </datafield>
</record>