
<?xml version="1.0"?>
<record>
  <leader>01115nam a2200265 a 4500</leader>
  <controlfield tag="008">060928s2005                  001 0 eng d</controlfield>
  <datafield ind1=" " ind2=" " tag="040">
    <subfield code="a">TxDaGIAL</subfield>
    <subfield code="c">TxDaGIAL</subfield>
  </datafield>
  <datafield ind1="1" ind2=" " tag="041">
    <subfield code="a">engsit</subfield>
  </datafield>
  <datafield ind1="0" ind2="4" tag="082">
    <subfield code="a">306.44/095496</subfield>
    <subfield code="2">22</subfield>
  </datafield>
  <datafield ind1="1" ind2=" " tag="100">
    <subfield code="a">Lee, Maureen B.</subfield>
  </datafield>
  <datafield ind1="1" ind2="0" tag="245">
    <subfield code="a">Bayung Rai :</subfield>
    <subfield code="b">a sociolinguistic survey /</subfield>
    <subfield code="c">Maureen B. Lee ; with the assistance of Bagdevi Rai, Buddhi Kumar Rai, Carin Boone.</subfield>
  </datafield>
  <datafield ind1=" " ind2=" " tag="260">
    <subfield code="a">Kirtipur, Nepal :</subfield>
    <subfield code="b">Centre for Nepal and Asian Studies, Tribhuvan University,</subfield>
    <subfield code="c">2005.</subfield>
  </datafield>
  <datafield ind1=" " ind2=" " tag="300">
    <subfield code="a">xvi, 191 p. :</subfield>
    <subfield code="b">ill., maps ;</subfield>
    <subfield code="c">30 cm.</subfield>
  </datafield>
  <datafield ind1=" " ind2=" " tag="504">
    <subfield code="a">Includes bibliographical references (p. 188-191)</subfield>
  </datafield>
  <datafield ind1=" " ind2=" " tag="546">
    <subfield code="a">English with interlinear texts in various dialects of Bayung (Bahing) language.</subfield>
  </datafield>
  <datafield ind1=" " ind2=" " tag="590">
    <subfield code="a">bhj</subfield>
    <subfield code="2">Ethnologue 15 = ISO/DIS 639-3</subfield>
  </datafield>
  <datafield ind1=" " ind2="0" tag="650">
    <subfield code="a">Sociolinguistics</subfield>
    <subfield code="z">Nepal.</subfield>
  </datafield>
  <datafield ind1=" " ind2="0" tag="650">
    <subfield code="a">Bahing dialect.</subfield>
  </datafield>
  <datafield ind1=" " ind2="0" tag="650">
    <subfield code="a">Kiranti languages</subfield>
    <subfield code="z">Nepal.</subfield>
  </datafield>
  <datafield ind1=" " ind2="0" tag="650">
    <subfield code="a">Rai (Nepalese people)</subfield>
  </datafield>
  <datafield ind1=" " ind2=" " tag="035">
    <subfield code="a">(TxDaGIAL)37741100034305</subfield>
  </datafield>
  <controlfield tag="005">20080624172557.0</controlfield>
  <controlfield tag="001">28077</controlfield>
  <controlfield tag="003">TxDaGIAL</controlfield>
  <datafield ind1=" " ind2=" " tag="852">
    <subfield code="p">37741100034305</subfield>
    <subfield code="a">Library</subfield>
    <subfield code="9">$0.00</subfield>
    <subfield code="x">FUND:Gift</subfield>
    <subfield code="x">COPYID:35070</subfield>
    <subfield code="x">FSC@aRegular@c20061027</subfield>
    <subfield code="h">306.44095496 L479b 2005</subfield>
    <subfield code="z">Gift Maureen Lee 7-06</subfield>
  </datafield>
</record>