
<?xml version="1.0"?>
<record>
  <leader>02430nam a2200301 a 4500</leader>
  <controlfield tag="008">061005s2005    ta ab    b    000 0 eng d</controlfield>
  <datafield ind1=" " ind2=" " tag="040">
    <subfield code="a">TxDaGIAL</subfield>
    <subfield code="c">TxDaGIAL</subfield>
  </datafield>
  <datafield ind1="1" ind2=" " tag="041">
    <subfield code="a">engtgkrus</subfield>
  </datafield>
  <datafield ind1="0" ind2="4" tag="082">
    <subfield code="a">306.44/9586</subfield>
    <subfield code="2">22</subfield>
  </datafield>
  <datafield ind1="0" ind2="0" tag="245">
    <subfield code="a">Studies in languages of Tajikistan /</subfield>
    <subfield code="c">edited by John M. Clifton.</subfield>
  </datafield>
  <datafield ind1=" " ind2=" " tag="260">
    <subfield code="a">Dushanbe, Tajikistan :</subfield>
    <subfield code="b">National State University of Tajikistan ;</subfield>
    <subfield code="a">St. Petersburg, Russia :</subfield>
    <subfield code="b">North Eurasia Group, SIL International,</subfield>
    <subfield code="c">2005.</subfield>
  </datafield>
  <datafield ind1=" " ind2=" " tag="300">
    <subfield code="a">250 p. :</subfield>
    <subfield code="b">ill., maps ;</subfield>
    <subfield code="c">23 cm.</subfield>
  </datafield>
  <datafield ind1=" " ind2=" " tag="504">
    <subfield code="a">includes bibliographical references.</subfield>
  </datafield>
  <datafield ind1=" " ind2=" " tag="546">
    <subfield code="a">English with interlinear text in Tajik and some Russian language.</subfield>
  </datafield>
  <datafield ind1=" " ind2=" " tag="590">
    <subfield code="a">tgk</subfield>
    <subfield code="2">Ethnologue 15 = ISO/DIS 639-3</subfield>
  </datafield>
  <datafield ind1="8" ind2=" " tag="505">
    <subfield code="a">Names, symbols and holy places of sects and religions in Tajik / M. N. Qosimova -- Are we polite? means of expressing requests in Tajik / D. M. Iskandarova -- The importance of Yaghnobi culture / Saiffiddin Mirzoev -- Discourse or Bandi sintaksisi / Zainiddin Mukhtorov -- Language maintenance amongst the Parya of Tajikistan / Elisabeth Abbess, Katja M&#xA9;&#x1A1;ller, Daniel Paul, Calvin Tiessen, and Gabriela Tiessen -- The ethnolinguistic vitality of Yaghnobi / Daniel Paul, Elisabeth Abbess, Katja M&#xA9;&#x1A1;ller, Calvin Tiessen, and Gabriela Tiessen -- Language access and Tajik language proficiency among the Yazghulami of Tajikistan / Gabriela Tiessen, Elisabeth Abbess, Katja Mller, and Calvin Tiessen -- Language in community-oriented and contact-oriented domains: the case of the Shughni of Tajikistan / Katja Mller, Elisabeth Abbess, Daniel Paul, Calvin Tiessen, and Gabriela Tiessen -- Literacy and the vernacular in Tajik Badakhshan: research into Rushani, Khufi, Bartangi and Roshorvi / Elisabeth Abbess, Katja M&#xA9;&#x1A1;ller, Daniel Paul, Calvin Tiessen, and Gabriela Tiessen -- Ishkashimi: a father's language: how a very small language survives / Katja Mller, Elisabeth Abbess, Calvin Tiessen, and Gabriela Tiessen</subfield>
  </datafield>
  <datafield ind1=" " ind2="0" tag="650">
    <subfield code="a">Sociolinguistics</subfield>
    <subfield code="z">Tajikistan.</subfield>
  </datafield>
  <datafield ind1=" " ind2="0" tag="650">
    <subfield code="a">Language surveys</subfield>
    <subfield code="z">Tajikistan.</subfield>
  </datafield>
  <datafield ind1=" " ind2="0" tag="650">
    <subfield code="a">Language maintenance</subfield>
    <subfield code="z">Tajikistan.</subfield>
  </datafield>
  <datafield ind1=" " ind2="0" tag="650">
    <subfield code="a">Linguistic minorities</subfield>
    <subfield code="z">Tajikistan.</subfield>
  </datafield>
  <datafield ind1=" " ind2="0" tag="650">
    <subfield code="a">Bilingualism</subfield>
    <subfield code="z">Tajikistan.</subfield>
  </datafield>
  <datafield ind1=" " ind2="0" tag="651">
    <subfield code="a">Tajikistan</subfield>
    <subfield code="x">Languages.</subfield>
  </datafield>
  <datafield ind1="1" ind2=" " tag="700">
    <subfield code="a">Clifton, John M.</subfield>
  </datafield>
  <datafield ind1=" " ind2=" " tag="035">
    <subfield code="a">(TxDaGIAL)37741100034323</subfield>
  </datafield>
  <controlfield tag="005">20080624172557.0</controlfield>
  <controlfield tag="001">28079</controlfield>
  <controlfield tag="003">TxDaGIAL</controlfield>
  <datafield ind1=" " ind2=" " tag="852">
    <subfield code="p">37741100034323</subfield>
    <subfield code="a">Library</subfield>
    <subfield code="9">$0.00</subfield>
    <subfield code="x">FUND:Gift</subfield>
    <subfield code="x">COPYID:35072</subfield>
    <subfield code="x">FSC@aRegular@c20061027</subfield>
    <subfield code="h">306.449586 S933c 2005</subfield>
    <subfield code="z">Gift John M. Clifton 3-05</subfield>
  </datafield>
</record>