
<?xml version="1.0"?>
<record>
  <leader>01491cam a2200337 a 4500</leader>
  <controlfield tag="008">040219s2004    txuab    b    000 0 eng d</controlfield>
  <datafield ind1=" " ind2=" " tag="010">
    <subfield code="a">  2004102308</subfield>
  </datafield>
  <datafield ind1=" " ind2=" " tag="020">
    <subfield code="a">1556711476</subfield>
  </datafield>
  <datafield ind1=" " ind2=" " tag="040">
    <subfield code="a">EQO</subfield>
    <subfield code="c">EQO</subfield>
    <subfield code="d">BAKER</subfield>
    <subfield code="d">DLC</subfield>
    <subfield code="d">TxDaGIAL</subfield>
  </datafield>
  <datafield ind1="0" ind2=" " tag="041">
    <subfield code="a">engpaa</subfield>
  </datafield>
  <datafield ind1=" " ind2=" " tag="043">
    <subfield code="a">a-pp---</subfield>
  </datafield>
  <datafield ind1="0" ind2="0" tag="050">
    <subfield code="a">P53.5</subfield>
    <subfield code="b">.M36 2004</subfield>
  </datafield>
  <datafield ind1="0" ind2="4" tag="082">
    <subfield code="a">306.4/49/9565</subfield>
    <subfield code="2">22</subfield>
  </datafield>
  <datafield ind1="1" ind2=" " tag="100">
    <subfield code="a">Malone, Dennis Lee.</subfield>
  </datafield>
  <datafield ind1="1" ind2="4" tag="245">
    <subfield code="a">The in-between people :</subfield>
    <subfield code="b">language and culture maintenance and mother-tongue education in the Highlands of Papua New Guinea /</subfield>
    <subfield code="c">Dennis L. Malone.</subfield>
  </datafield>
  <datafield ind1=" " ind2=" " tag="260">
    <subfield code="a">Dallas, Tex. :</subfield>
    <subfield code="b">SIL International,</subfield>
    <subfield code="c">c2004.</subfield>
  </datafield>
  <datafield ind1=" " ind2=" " tag="300">
    <subfield code="a">xiv, 248 p. :</subfield>
    <subfield code="b">ill., maps ;</subfield>
    <subfield code="c">23 cm.</subfield>
  </datafield>
  <datafield ind1=" " ind2="0" tag="440">
    <subfield code="a">SIL International publications in language use and education ;</subfield>
    <subfield code="v">publication 3</subfield>
  </datafield>
  <datafield ind1=" " ind2=" " tag="504">
    <subfield code="a">Includes bibliographical references (p. 239-248)</subfield>
  </datafield>
  <datafield ind1=" " ind2=" " tag="546">
    <subfield code="a">English with parallel text in Umbu-Ungu (Kaugel,Gawigl) language.</subfield>
  </datafield>
  <datafield ind1=" " ind2=" " tag="590">
    <subfield code="a">ubu</subfield>
    <subfield code="2">Ethnologue 15 = ISO/DIS 639-3</subfield>
  </datafield>
  <datafield ind1=" " ind2="0" tag="650">
    <subfield code="a">Language maintenance</subfield>
    <subfield code="z">Papua New Guinea.</subfield>
  </datafield>
  <datafield ind1=" " ind2="0" tag="650">
    <subfield code="a">Language planning</subfield>
    <subfield code="z">Papua New Guinea.</subfield>
  </datafield>
  <datafield ind1=" " ind2="0" tag="650">
    <subfield code="a">Gawigl language</subfield>
    <subfield code="x">Study and teaching</subfield>
    <subfield code="z">Papua New Guinea.</subfield>
  </datafield>
  <datafield ind1=" " ind2="0" tag="650">
    <subfield code="a">Native language</subfield>
    <subfield code="x">Study and teaching</subfield>
    <subfield code="z">Papua New Guinea.</subfield>
  </datafield>
  <datafield ind1="4" ind2="1" tag="856">
    <subfield code="3">Table of contents</subfield>
    <subfield code="u">http://www.loc.gov/catdir/toc/fy0602/2004102308.html</subfield>
  </datafield>
  <datafield ind1=" " ind2=" " tag="035">
    <subfield code="a">(TxDaGIAL)37741100034373</subfield>
  </datafield>
  <controlfield tag="005">20080624172557.0</controlfield>
  <controlfield tag="001">28080</controlfield>
  <controlfield tag="003">TxDaGIAL</controlfield>
  <datafield ind1=" " ind2=" " tag="852">
    <subfield code="p">37741100034373</subfield>
    <subfield code="a">Library</subfield>
    <subfield code="9">$18.71</subfield>
    <subfield code="x">FUND:LD-Lite</subfield>
    <subfield code="x">COPYID:35073</subfield>
    <subfield code="x">FSC@aRegular@c20061114</subfield>
    <subfield code="h">306.4499565 M257i 2004</subfield>
    <subfield code="z">Direct IAB st.o. 10-06</subfield>
  </datafield>
</record>