
<?xml version="1.0"?>
<record>
  <leader>03196nam a2200349 a 4500</leader>
  <controlfield tag="008">961105s1995    pp a     b    101 0 eng  </controlfield>
  <datafield ind1=" " ind2=" " tag="010">
    <subfield code="a">   96217141</subfield>
  </datafield>
  <datafield ind1=" " ind2=" " tag="020">
    <subfield code="a">9980840625</subfield>
  </datafield>
  <datafield ind1=" " ind2=" " tag="040">
    <subfield code="a">DLC</subfield>
    <subfield code="c">DLC</subfield>
    <subfield code="d">TxDaGIAL</subfield>
  </datafield>
  <datafield ind1="0" ind2=" " tag="041">
    <subfield code="a">engtpi</subfield>
  </datafield>
  <datafield ind1=" " ind2=" " tag="043">
    <subfield code="a">a-pp---</subfield>
  </datafield>
  <datafield ind1="0" ind2="0" tag="050">
    <subfield code="a">LC157.P36</subfield>
    <subfield code="b">C75 1995</subfield>
  </datafield>
  <datafield ind1="0" ind2="4" tag="082">
    <subfield code="a">379.953</subfield>
    <subfield code="2">22</subfield>
  </datafield>
  <datafield ind1="0" ind2="0" tag="245">
    <subfield code="a">Critical and developmental literacy /</subfield>
    <subfield code="c">edited by Otto Ignatius M.S. Nekitel, Steven Edmund Winduo, and Sakarepe Kamene.</subfield>
  </datafield>
  <datafield ind1=" " ind2=" " tag="260">
    <subfield code="a">Port Moresby :</subfield>
    <subfield code="b">University of Papua New Guinea Press,</subfield>
    <subfield code="c">1995.</subfield>
  </datafield>
  <datafield ind1=" " ind2=" " tag="300">
    <subfield code="a">195 p. :</subfield>
    <subfield code="b">ill. ;</subfield>
    <subfield code="c">26 cm.</subfield>
  </datafield>
  <datafield ind1=" " ind2=" " tag="500">
    <subfield code="a">Proceedings of the International Critical or Developmental Literacy Conference held Aug. 27-28, 1993, at the University of Papua New Guinea.</subfield>
  </datafield>
  <datafield ind1=" " ind2=" " tag="504">
    <subfield code="a">Includes bibliographical references and index.</subfield>
  </datafield>
  <datafield ind1="0" ind2=" " tag="505">
    <subfield code="a">Introduction / Otto Nekitel -- Welcoming address / Joseph Sukwianomb -- Culture in Education: a political strategy for us or them / Martin N. Nakata -- Learning literacy in Papua New Guinea: which "language" / James Moody -- The movement for critical literacy in Papua New Guinea / Nicholas Faraclas -- Evaluation samples of literacy programmes / Willie Jonduo -- Provincial portraits -- Oro Province literacy programme report / Bob Arie -- Oro Province non-formal education report 1993 / Benson Toroi -- Milne Bay Province literacy activities / Henry Benoma -- The plight of a poet at large: reminiscences from Manus Province / Andyson Bernard Kaspou -- Literesi Divelopmen Long Ples: Akara Diksenari Projek / Silas Ponaiah -- Writing life stores / Sam Kaima -- Literacy with/without roots / Sakarepe Keosai Kamene -- Linguistics and litearcy promotion: which way now? / Otto Nekitel -- Writing our own books means reading ourselves / Steven Edmund Winduo -- The writer's place in a difficult society / Russell B. Siaba -- Chemical literacy for life / Kirpal Singh -- A critical analysis of the functional literacy programme in Papua New Guinea; and, a Case for the third R: towards a numerate society / C.S. Nembou and O.P. Ahuja -- Cultural ecology and the translation of elementary class resource materials in Papua New Guinea / Mike Trainum -- Future is here: telecommunication system, computers and the changing electronics multimedia technology must be used to enhance literacy in Papua New Guinea / Sorariba Nash G. -- Inference in L2 reading as measured by the Cloze Procedure / Ian M. Richardson -- Community directed development through literacy: fact or myth / Craig Spaulding.</subfield>
  </datafield>
  <datafield ind1=" " ind2=" " tag="546">
    <subfield code="a">English with one paper in Tok Pisin.</subfield>
  </datafield>
  <datafield ind1=" " ind2=" " tag="590">
    <subfield code="a">tpi</subfield>
    <subfield code="2">Ethnologue 15 = ISO/DIS 639-3</subfield>
  </datafield>
  <datafield ind1=" " ind2="0" tag="650">
    <subfield code="a">Literacy</subfield>
    <subfield code="z">Papua New Guinea</subfield>
    <subfield code="v">Congresses.</subfield>
  </datafield>
  <datafield ind1=" " ind2="0" tag="650">
    <subfield code="a">Critical pedagogy</subfield>
    <subfield code="z">Papua New Guinea</subfield>
    <subfield code="v">Congresses.</subfield>
  </datafield>
  <datafield ind1="1" ind2=" " tag="700">
    <subfield code="a">Nekitel, Otto Ignatius M. S.</subfield>
  </datafield>
  <datafield ind1="1" ind2=" " tag="700">
    <subfield code="a">Winduo, Steven Edmund,</subfield>
    <subfield code="d">1964-</subfield>
  </datafield>
  <datafield ind1="1" ind2=" " tag="700">
    <subfield code="a">Kamene, Sakarepe.</subfield>
  </datafield>
  <datafield ind1="2" ind2=" " tag="711">
    <subfield code="a">International Critical or Developmental Literacy Conference</subfield>
    <subfield code="d">(1993 :</subfield>
    <subfield code="c">University of Papua New Guinea)</subfield>
  </datafield>
  <datafield ind1=" " ind2=" " tag="035">
    <subfield code="a">(TxDaGIAL)37741100029275</subfield>
  </datafield>
  <controlfield tag="005">20080624172558.0</controlfield>
  <controlfield tag="001">28081</controlfield>
  <controlfield tag="003">TxDaGIAL</controlfield>
  <datafield ind1=" " ind2=" " tag="852">
    <subfield code="p">37741100029275</subfield>
    <subfield code="a">Library</subfield>
    <subfield code="9">$0.00</subfield>
    <subfield code="x">FUND:Gift</subfield>
    <subfield code="x">COPYID:35074</subfield>
    <subfield code="x">FSC@aRegular@c20060123</subfield>
    <subfield code="h">379.953 C934n 1995</subfield>
    <subfield code="z">Gift Chester W. Ray and Ruth V. Ray 12-03</subfield>
  </datafield>
</record>