
<?xml version="1.0"?>
<record>
  <leader>01255nam a2200301 a 4500</leader>
  <controlfield tag="008">030612s2001    cc a          000 0 zha d</controlfield>
  <datafield ind1=" " ind2=" " tag="020">
    <subfield code="a">7105047909</subfield>
  </datafield>
  <datafield ind1=" " ind2=" " tag="040">
    <subfield code="a">TxDaGIAL</subfield>
    <subfield code="c">TxDaGIAL</subfield>
  </datafield>
  <datafield ind1="1" ind2=" " tag="041">
    <subfield code="a">zhachieng</subfield>
  </datafield>
  <datafield ind1="0" ind2="4" tag="082">
    <subfield code="a">398.2/09/5128</subfield>
    <subfield code="2">22</subfield>
  </datafield>
  <datafield ind1="0" ind2="0" tag="245">
    <subfield code="a">Goenggeq gangj gojgaeq = Wuming Zhuang zu min jian gu shi =</subfield>
    <subfield code="b">At grandfather's knee, Zhuang folk tales from Wuming /</subfield>
    <subfield code="c">editor Margaret Milliken ; assistant editor Li Zuoying.</subfield>
  </datafield>
  <datafield ind1="3" ind2="1" tag="246">
    <subfield code="a">Wuming Zhuang zu min jian gu shi</subfield>
  </datafield>
  <datafield ind1="3" ind2="1" tag="246">
    <subfield code="a">At grandfather's knee : Zhuang folk tales from Wuming</subfield>
  </datafield>
  <datafield ind1=" " ind2=" " tag="250">
    <subfield code="a">Di 1 ban.</subfield>
  </datafield>
  <datafield ind1=" " ind2=" " tag="260">
    <subfield code="a">Beijing :</subfield>
    <subfield code="b">Min zu chu ban she,</subfield>
    <subfield code="c">2001.</subfield>
  </datafield>
  <datafield ind1=" " ind2=" " tag="300">
    <subfield code="a">7, 405 p. :</subfield>
    <subfield code="b">ill. ;</subfield>
    <subfield code="c">21 cm.</subfield>
  </datafield>
  <datafield ind1=" " ind2=" " tag="546">
    <subfield code="a">Text in Northern Zhuang (Yongbei dialect), Chinese,  and English.</subfield>
  </datafield>
  <datafield ind1=" " ind2=" " tag="590">
    <subfield code="a">cxx</subfield>
    <subfield code="2">Ethnologue 15 = ISO 639-3</subfield>
  </datafield>
  <datafield ind1=" " ind2="0" tag="650">
    <subfield code="a">Tales</subfield>
    <subfield code="z">China</subfield>
    <subfield code="z">Guangxi Zhuangzu Zizhiqu.</subfield>
  </datafield>
  <datafield ind1=" " ind2="0" tag="650">
    <subfield code="a">Zhuang (Chinese people)</subfield>
    <subfield code="v">Folklore.</subfield>
  </datafield>
  <datafield ind1=" " ind2="0" tag="650">
    <subfield code="a">Zhuang (Chinese people)</subfield>
    <subfield code="z">China</subfield>
    <subfield code="z">Wuming Xian.</subfield>
  </datafield>
  <datafield ind1="1" ind2=" " tag="700">
    <subfield code="a">Milliken, Margaret.</subfield>
  </datafield>
  <datafield ind1="1" ind2=" " tag="700">
    <subfield code="a">Li, Zuoying.</subfield>
  </datafield>
  <datafield ind1=" " ind2=" " tag="035">
    <subfield code="a">(TxDaGIAL)37741100034756</subfield>
  </datafield>
  <controlfield tag="005">20080624172559.0</controlfield>
  <controlfield tag="001">28082</controlfield>
  <controlfield tag="003">TxDaGIAL</controlfield>
  <datafield ind1=" " ind2=" " tag="852">
    <subfield code="p">37741100034756</subfield>
    <subfield code="a">Library</subfield>
    <subfield code="9">$0.00</subfield>
    <subfield code="x">FUND:Gift</subfield>
    <subfield code="x">COPYID:35075</subfield>
    <subfield code="x">FSC@aRegular@c20070525</subfield>
    <subfield code="h">398.2095128 G595m 2001</subfield>
    <subfield code="z">Gift SIL-East Asia Group 6-02</subfield>
  </datafield>
</record>