
<?xml version="1.0"?>
<record>
  <leader>01660cam a2200337 a 4500</leader>
  <controlfield tag="008">910102s1989    nz a     b    000 0 eng d</controlfield>
  <datafield ind1=" " ind2=" " tag="040">
    <subfield code="a">SMI</subfield>
    <subfield code="c">SMI</subfield>
    <subfield code="d">BOS</subfield>
    <subfield code="d">TxDaGIAL</subfield>
  </datafield>
  <datafield ind1="0" ind2=" " tag="041">
    <subfield code="a">engmul</subfield>
  </datafield>
  <datafield ind1=" " ind2=" " tag="043">
    <subfield code="a">f------</subfield>
  </datafield>
  <datafield ind1="0" ind2="4" tag="082">
    <subfield code="a">398.2/09/6</subfield>
    <subfield code="2">22</subfield>
  </datafield>
  <datafield ind1="0" ind2="4" tag="245">
    <subfield code="a">The Ancestors' beads /</subfield>
    <subfield code="c">[edited by] Phillip A. Noss.</subfield>
  </datafield>
  <datafield ind1=" " ind2=" " tag="260">
    <subfield code="a">Hamilton, New Zealand :</subfield>
    <subfield code="b">Outrigger Publishers,</subfield>
    <subfield code="c">c1989.</subfield>
  </datafield>
  <datafield ind1=" " ind2=" " tag="300">
    <subfield code="a">ii, 68 p. :</subfield>
    <subfield code="b">ill. ;</subfield>
    <subfield code="c">22 cm.</subfield>
  </datafield>
  <datafield ind1=" " ind2="0" tag="440">
    <subfield code="a">Crosscurrent (Hamilton, N.Z.) ;</subfield>
    <subfield code="v">v. 2, no. 3-4</subfield>
  </datafield>
  <datafield ind1=" " ind2=" " tag="500">
    <subfield code="a">"A special issue" -- cover.</subfield>
  </datafield>
  <datafield ind1=" " ind2=" " tag="500">
    <subfield code="a">Cover title.</subfield>
  </datafield>
  <datafield ind1=" " ind2=" " tag="500">
    <subfield code="a">Editor's first name mispelled on cover.</subfield>
  </datafield>
  <datafield ind1=" " ind2=" " tag="504">
    <subfield code="a">Includes bibliographical references.</subfield>
  </datafield>
  <datafield ind1="0" ind2=" " tag="505">
    <subfield code="a">Formulaic opening and ending for Igbo folktales / Chidi Ikonn&#xA9;&#x266D; -- Lullabies and the art of traditional babysitting / Ebele Eko -- Julius Chongo's adaptation of Nyanja Nthano to the radio / Ernst Wendland -- The ideophone poems of Dogobadomo / Philip A. Noss -- Oral tradition and social change in contemporary Africa / Kofi Agovi -- To be seen and to be heard : translating oral poetry / Kofi Anyidoho.</subfield>
  </datafield>
  <datafield ind1=" " ind2=" " tag="546">
    <subfield code="a">In English, with occasional parallel text or translations of text in various African languages.</subfield>
  </datafield>
  <datafield ind1=" " ind2=" " tag="590">
    <subfield code="a">ibo</subfield>
    <subfield code="2">Ethnologue 15 = ISO 639-3</subfield>
  </datafield>
  <datafield ind1=" " ind2="0" tag="650">
    <subfield code="a">Oral tradition</subfield>
    <subfield code="z">Africa.</subfield>
  </datafield>
  <datafield ind1=" " ind2="0" tag="650">
    <subfield code="a">Folk literature, African</subfield>
    <subfield code="x">History and criticism.</subfield>
  </datafield>
  <datafield ind1=" " ind2="0" tag="650">
    <subfield code="a">Igbo language</subfield>
    <subfield code="v">Texts.</subfield>
  </datafield>
  <datafield ind1="1" ind2=" " tag="700">
    <subfield code="a">Noss, Philip A.</subfield>
  </datafield>
  <datafield ind1="0" ind2=" " tag="730">
    <subfield code="a">Crosscurrent.</subfield>
  </datafield>
  <datafield ind1=" " ind2=" " tag="035">
    <subfield code="a">(TxDaGIAL)37741100035060</subfield>
  </datafield>
  <controlfield tag="005">20080624172559.0</controlfield>
  <controlfield tag="001">28083</controlfield>
  <controlfield tag="003">TxDaGIAL</controlfield>
  <datafield ind1=" " ind2=" " tag="852">
    <subfield code="p">37741100035060</subfield>
    <subfield code="a">Library</subfield>
    <subfield code="9">$0.00</subfield>
    <subfield code="x">FUND:Gift</subfield>
    <subfield code="x">COPYID:35076</subfield>
    <subfield code="x">FSC@aRegular@c20071016</subfield>
    <subfield code="h">398.2096 A538n 1989</subfield>
    <subfield code="z">Gift Phillip Noss 8-07</subfield>
  </datafield>
</record>