
<?xml version="1.0"?>
<record>
  <leader>01133cam a2200301 a 4500</leader>
  <controlfield tag="008">760210s1961    ec       b    001 0 spa  </controlfield>
  <datafield ind1=" " ind2=" " tag="010">
    <subfield code="a">   62002521</subfield>
  </datafield>
  <datafield ind1=" " ind2=" " tag="035">
    <subfield code="a">(OCoLC)1981037</subfield>
  </datafield>
  <datafield ind1=" " ind2=" " tag="040">
    <subfield code="a">DLC</subfield>
    <subfield code="c">GU</subfield>
    <subfield code="d">OCoLC</subfield>
    <subfield code="d">DLC</subfield>
    <subfield code="d">TxDaGIAL</subfield>
  </datafield>
  <datafield ind1="1" ind2=" " tag="041">
    <subfield code="a">spagrnpor</subfield>
  </datafield>
  <datafield ind1=" " ind2=" " tag="042">
    <subfield code="a">premarc</subfield>
  </datafield>
  <datafield ind1="0" ind2="0" tag="050">
    <subfield code="a">GR133.P3</subfield>
    <subfield code="b">C3</subfield>
  </datafield>
  <datafield ind1="0" ind2="4" tag="082">
    <subfield code="a">398.209/892</subfield>
    <subfield code="2">22</subfield>
  </datafield>
  <datafield ind1="1" ind2=" " tag="100">
    <subfield code="a">Carvalho Neto, Paulo de,</subfield>
    <subfield code="d">1923-</subfield>
  </datafield>
  <datafield ind1="1" ind2="0" tag="245">
    <subfield code="a">Folklore del Paraguay :</subfield>
    <subfield code="b">sistem&#xA9;&#x141;tica anal&#xA9;&#x1AF;tica /</subfield>
    <subfield code="c">Paulo de Carvalho Neto.</subfield>
  </datafield>
  <datafield ind1=" " ind2=" " tag="260">
    <subfield code="a">Quito :</subfield>
    <subfield code="b">Editorial Universitaria,</subfield>
    <subfield code="c">1961.</subfield>
  </datafield>
  <datafield ind1=" " ind2=" " tag="300">
    <subfield code="a">475 p. ;</subfield>
    <subfield code="c">22 cm.</subfield>
  </datafield>
  <datafield ind1=" " ind2=" " tag="504">
    <subfield code="a">Includes bibliographical references (p. 435-443) and indexes.</subfield>
  </datafield>
  <datafield ind1=" " ind2=" " tag="546">
    <subfield code="a">In Spanish with occasional parallel text in Paraguayan Guaran&#xA9;&#x1AF; and Portuguese.</subfield>
  </datafield>
  <datafield ind1=" " ind2=" " tag="590">
    <subfield code="a">gug</subfield>
    <subfield code="2">Ethnologue 15 = ISO/DIS 639-3</subfield>
  </datafield>
  <datafield ind1=" " ind2=" " tag="590">
    <subfield code="a">Inscribed by author</subfield>
  </datafield>
  <datafield ind1=" " ind2="0" tag="650">
    <subfield code="a">Folklore</subfield>
    <subfield code="z">Paraguay.</subfield>
  </datafield>
  <datafield ind1=" " ind2="0" tag="650">
    <subfield code="a">Folk music</subfield>
    <subfield code="z">Paraguay.</subfield>
  </datafield>
  <datafield ind1=" " ind2=" " tag="035">
    <subfield code="a">(TxDaGIAL)37741100029895</subfield>
  </datafield>
  <controlfield tag="005">20080624172559.0</controlfield>
  <controlfield tag="001">28084</controlfield>
  <controlfield tag="003">TxDaGIAL</controlfield>
  <datafield ind1=" " ind2=" " tag="852">
    <subfield code="p">37741100029895</subfield>
    <subfield code="a">Library</subfield>
    <subfield code="9">$0.00</subfield>
    <subfield code="x">FUND:Gift</subfield>
    <subfield code="x">COPYID:35077</subfield>
    <subfield code="x">FSC@aRegular@c20060601</subfield>
    <subfield code="h">398.209892 C331f 1961</subfield>
    <subfield code="z">Gift SIL-Language and Culture Archives 5-04</subfield>
  </datafield>
</record>