
<?xml version="1.0"?>
<record>
  <leader>01582cam a2200349 a 4500</leader>
  <controlfield tag="008">000313s1999    gw a     b    000 0 eng  </controlfield>
  <datafield ind1=" " ind2=" " tag="010">
    <subfield code="a">   00309658</subfield>
  </datafield>
  <datafield ind1=" " ind2=" " tag="040">
    <subfield code="a">DLC</subfield>
    <subfield code="c">DLC</subfield>
    <subfield code="d">DLC</subfield>
    <subfield code="d">TxDaGIAL</subfield>
  </datafield>
  <datafield ind1="0" ind2=" " tag="041">
    <subfield code="a">engaramul</subfield>
  </datafield>
  <datafield ind1="0" ind2="0" tag="050">
    <subfield code="a">P325.5.C6</subfield>
    <subfield code="b">B44 1999</subfield>
  </datafield>
  <datafield ind1="0" ind2="4" tag="082">
    <subfield code="a">401.43</subfield>
    <subfield code="2">22</subfield>
  </datafield>
  <datafield ind1="1" ind2=" " tag="100">
    <subfield code="a">Behrens, Leila.</subfield>
  </datafield>
  <datafield ind1="1" ind2="0" tag="245">
    <subfield code="a">Qualities, objects, sorts, and other treasures :</subfield>
    <subfield code="b">gold-digging in English and Arabic /</subfield>
    <subfield code="c">Leila Behrens, Hans-J&#xA9;&#x1A1;rgen Sasse.</subfield>
  </datafield>
  <datafield ind1=" " ind2=" " tag="260">
    <subfield code="a">K&#xA9;&#x153;ln :</subfield>
    <subfield code="b">Institut f&#xA9;&#x1A1;r Sprachwissenschaft der Universit&#xA9;&#xDE;t zu K&#xA9;&#x153;ln,</subfield>
    <subfield code="c">1999.</subfield>
  </datafield>
  <datafield ind1=" " ind2=" " tag="300">
    <subfield code="a">163 p. :</subfield>
    <subfield code="b">ill. ;</subfield>
    <subfield code="c">30 cm.</subfield>
  </datafield>
  <datafield ind1="1" ind2=" " tag="490">
    <subfield code="a">Arbeitspapier / Institut f&#xA9;&#x1A1;r Sprachwissenschaft, Universit&#xA9;&#xDE;t zu K&#xA9;&#x153;ln ;</subfield>
    <subfield code="v">Nr. 35, n.F</subfield>
  </datafield>
  <datafield ind1=" " ind2=" " tag="500">
    <subfield code="a">"Oktober 1999."</subfield>
  </datafield>
  <datafield ind1=" " ind2=" " tag="504">
    <subfield code="a">Includes bibliographical references (p. 158-163)</subfield>
  </datafield>
  <datafield ind1=" " ind2=" " tag="546">
    <subfield code="a">English with interlinear text in transliterated Standard and Egyptian Arabic and occasionally in other languages.</subfield>
  </datafield>
  <datafield ind1=" " ind2=" " tag="590">
    <subfield code="a">arb</subfield>
    <subfield code="2">Ethnologue 15 = ISO/DIS 639-3</subfield>
  </datafield>
  <datafield ind1=" " ind2=" " tag="590">
    <subfield code="a">arz</subfield>
    <subfield code="2">Ethnologue 15 = ISO/DIS 639-3</subfield>
  </datafield>
  <datafield ind1=" " ind2="0" tag="650">
    <subfield code="a">Semantics, Comparative.</subfield>
  </datafield>
  <datafield ind1=" " ind2="0" tag="650">
    <subfield code="a">Grammar, Comparative and general</subfield>
    <subfield code="x">Nominals.</subfield>
  </datafield>
  <datafield ind1=" " ind2="0" tag="650">
    <subfield code="a">English language</subfield>
    <subfield code="x">Grammar, Comparative</subfield>
    <subfield code="x">Arabic.</subfield>
  </datafield>
  <datafield ind1=" " ind2="0" tag="650">
    <subfield code="a">Arabic language</subfield>
    <subfield code="x">Grammar, Comparative</subfield>
    <subfield code="x">English.</subfield>
  </datafield>
  <datafield ind1="1" ind2=" " tag="700">
    <subfield code="a">Sasse, Hans-J&#xA9;&#x1A1;rgen,</subfield>
    <subfield code="d">1943-</subfield>
  </datafield>
  <datafield ind1=" " ind2="0" tag="830">
    <subfield code="a">Arbeitspapier (Universit&#xA9;&#xDE;t zu K&#xA9;&#x153;ln. Institut f&#xA9;&#x1A1;r Sprachwissenschaft)</subfield>
    <subfield code="v">n.F., Nr. 35.</subfield>
  </datafield>
  <datafield ind1=" " ind2=" " tag="035">
    <subfield code="a">(TxDaGIAL)37741100034027</subfield>
  </datafield>
  <controlfield tag="005">20080624172600.0</controlfield>
  <controlfield tag="001">28086</controlfield>
  <controlfield tag="003">TxDaGIAL</controlfield>
  <datafield ind1=" " ind2=" " tag="852">
    <subfield code="p">37741100034027</subfield>
    <subfield code="a">Library</subfield>
    <subfield code="9">$0.00</subfield>
    <subfield code="x">FUND:Gift</subfield>
    <subfield code="x">COPYID:35079</subfield>
    <subfield code="x">FSC@aRegular@c20060804</subfield>
    <subfield code="h">401.43 B421q 1999</subfield>
    <subfield code="z">Gift 4-00</subfield>
  </datafield>
</record>