
<?xml version="1.0"?>
<record>
  <leader>01485cam a2200349 a 4500</leader>
  <controlfield tag="008">030515s2003    cau      b    001 0 eng  </controlfield>
  <datafield ind1=" " ind2=" " tag="010">
    <subfield code="a">  2003010656</subfield>
  </datafield>
  <datafield ind1=" " ind2=" " tag="020">
    <subfield code="a">1575864193 (alk. paper)</subfield>
  </datafield>
  <datafield ind1=" " ind2=" " tag="020">
    <subfield code="a">1575864207 (pbk. : alk. paper)</subfield>
  </datafield>
  <datafield ind1=" " ind2=" " tag="040">
    <subfield code="a">DLC</subfield>
    <subfield code="c">DLC</subfield>
    <subfield code="d">DLC</subfield>
    <subfield code="d">TxDaGIAL</subfield>
  </datafield>
  <datafield ind1="0" ind2=" " tag="041">
    <subfield code="a">enghunmul</subfield>
  </datafield>
  <datafield ind1="0" ind2="0" tag="050">
    <subfield code="a">P325</subfield>
    <subfield code="b">.F367 2003</subfield>
  </datafield>
  <datafield ind1="0" ind2="0" tag="082">
    <subfield code="a">401/.43</subfield>
    <subfield code="2">21</subfield>
  </datafield>
  <datafield ind1="1" ind2=" " tag="100">
    <subfield code="a">Farkas, Donka.</subfield>
  </datafield>
  <datafield ind1="1" ind2="4" tag="245">
    <subfield code="a">The semantics of incorporation :</subfield>
    <subfield code="b">from argument structure to discourse transparency /</subfield>
    <subfield code="c">Donka F. Farkas, Henri&#xA9;&#xB1;tte de Swart.</subfield>
  </datafield>
  <datafield ind1=" " ind2=" " tag="260">
    <subfield code="a">Stanford, Calif. :</subfield>
    <subfield code="b">CSLI Publications,</subfield>
    <subfield code="c">c2003.</subfield>
  </datafield>
  <datafield ind1=" " ind2=" " tag="300">
    <subfield code="a">xi, 178 p. ;</subfield>
    <subfield code="c">24 cm.</subfield>
  </datafield>
  <datafield ind1=" " ind2="0" tag="440">
    <subfield code="a">Stanford monographs in linguistics</subfield>
  </datafield>
  <datafield ind1=" " ind2=" " tag="504">
    <subfield code="a">Includes bibliographical references (p.167-172) and indexes.</subfield>
  </datafield>
  <datafield ind1=" " ind2=" " tag="546">
    <subfield code="a">English with interlinear text in Hungarian and various other languages.</subfield>
  </datafield>
  <datafield ind1=" " ind2=" " tag="590">
    <subfield code="a">hun</subfield>
    <subfield code="2">Ethnologue 15 = ISO 639-3</subfield>
  </datafield>
  <datafield ind1=" " ind2="0" tag="650">
    <subfield code="a">Semantics.</subfield>
  </datafield>
  <datafield ind1=" " ind2="0" tag="650">
    <subfield code="a">Grammar, Comparative and general</subfield>
    <subfield code="x">Morphosyntax.</subfield>
  </datafield>
  <datafield ind1=" " ind2="0" tag="650">
    <subfield code="a">Discourse analysis.</subfield>
  </datafield>
  <datafield ind1="1" ind2=" " tag="700">
    <subfield code="a">Swart, Henri&#xA9;&#xB1;tte de,</subfield>
    <subfield code="d">1961-</subfield>
  </datafield>
  <datafield ind1="4" ind2="2" tag="856">
    <subfield code="3">Publisher description</subfield>
    <subfield code="u">http://www.loc.gov/catdir/description/uchi052/2003010656.html</subfield>
  </datafield>
  <datafield ind1="4" ind2="1" tag="856">
    <subfield code="3">Table of contents</subfield>
    <subfield code="u">http://www.loc.gov/catdir/toc/ecip043/2003010656.html</subfield>
  </datafield>
  <datafield ind1=" " ind2=" " tag="035">
    <subfield code="a">(TxDaGIAL)37741100035306</subfield>
  </datafield>
  <controlfield tag="005">20080624172600.0</controlfield>
  <controlfield tag="001">28087</controlfield>
  <controlfield tag="003">TxDaGIAL</controlfield>
  <datafield ind1=" " ind2=" " tag="852">
    <subfield code="p">37741100035306</subfield>
    <subfield code="a">Library</subfield>
    <subfield code="9">$10.25</subfield>
    <subfield code="x">FUND:AL-SemPrag</subfield>
    <subfield code="x">COPYID:35080</subfield>
    <subfield code="x">FSC@aRegular@c20080317</subfield>
    <subfield code="h">401.43 F229s 2003</subfield>
    <subfield code="z">Direct University of Chicago 2-08</subfield>
  </datafield>
</record>