
<?xml version="1.0"?>
<record>
  <leader>02576cam a2200565 a 4500</leader>
  <controlfield tag="008">050607s2006    enkab    b    001 0 eng  </controlfield>
  <datafield ind1=" " ind2=" " tag="010">
    <subfield code="a">  2005015818</subfield>
  </datafield>
  <datafield ind1=" " ind2=" " tag="015">
    <subfield code="a">GBA604203</subfield>
    <subfield code="2">bnb</subfield>
  </datafield>
  <datafield ind1="7" ind2=" " tag="016">
    <subfield code="a">013354550</subfield>
    <subfield code="2">Uk</subfield>
  </datafield>
  <datafield ind1=" " ind2=" " tag="020">
    <subfield code="a">0521855837</subfield>
  </datafield>
  <datafield ind1=" " ind2=" " tag="020">
    <subfield code="a">9780521855839</subfield>
  </datafield>
  <datafield ind1=" " ind2=" " tag="020">
    <subfield code="a">0521671787 (pbk.)</subfield>
  </datafield>
  <datafield ind1=" " ind2=" " tag="020">
    <subfield code="a">9780521671781 (pbk.)</subfield>
  </datafield>
  <datafield ind1=" " ind2=" " tag="035">
    <subfield code="a">(OCoLC)ocm60603162</subfield>
  </datafield>
  <datafield ind1=" " ind2=" " tag="040">
    <subfield code="a">DLC</subfield>
    <subfield code="c">DLC</subfield>
    <subfield code="d">BAKER</subfield>
    <subfield code="d">UKM</subfield>
    <subfield code="d">BWKUK</subfield>
    <subfield code="d">YDXCP</subfield>
    <subfield code="d">YUS</subfield>
    <subfield code="d">COO</subfield>
    <subfield code="d">BTCTA</subfield>
    <subfield code="d">DLC</subfield>
    <subfield code="d">TxDaGIAL</subfield>
  </datafield>
  <datafield ind1=" " ind2=" " tag="042">
    <subfield code="a">pcc</subfield>
  </datafield>
  <datafield ind1="0" ind2="0" tag="050">
    <subfield code="a">P37.5.S65</subfield>
    <subfield code="b">G736 2006</subfield>
  </datafield>
  <datafield ind1="0" ind2="0" tag="082">
    <subfield code="a">401/.43</subfield>
    <subfield code="2">22</subfield>
  </datafield>
  <datafield ind1="0" ind2=" " tag="082">
    <subfield code="a">401.9</subfield>
    <subfield code="2">22</subfield>
  </datafield>
  <datafield ind1="0" ind2="0" tag="245">
    <subfield code="a">Grammars of space :</subfield>
    <subfield code="b">explorations in cognitive diversity /</subfield>
    <subfield code="c">editors, Stephen C. Levinson, David P. Wilkins.</subfield>
  </datafield>
  <datafield ind1=" " ind2=" " tag="260">
    <subfield code="a">Cambridge, UK ;</subfield>
    <subfield code="a">New York :</subfield>
    <subfield code="b">Cambridge University Press,</subfield>
    <subfield code="c">2006.</subfield>
  </datafield>
  <datafield ind1=" " ind2=" " tag="300">
    <subfield code="a">xvii, 621 p. :</subfield>
    <subfield code="b">ill., maps ;</subfield>
    <subfield code="c">24 cm.</subfield>
  </datafield>
  <datafield ind1=" " ind2="0" tag="440">
    <subfield code="a">Language, culture, and cognition ;</subfield>
    <subfield code="v">6</subfield>
  </datafield>
  <datafield ind1=" " ind2=" " tag="504">
    <subfield code="a">Includes bibliographical references (p. 576-599) and indexes.</subfield>
  </datafield>
  <datafield ind1="8" ind2=" " tag="520">
    <subfield code="a">This book contains detailed chapter-length sketches of spatial language in a dozen languages - Arrernte, Jaminjung, Warrwa, Y&#xA9;&#x266D;l&#xA9;&#x2BE; Dnye [Yele], Kilivila, Tzeltal, Yukatek [Yucatan] Maya, Tiriy&#xA9;&#x111; [Trio], Ewe, Tamil, Japanese, and Dutch - with a detailed summary of some of the major patterns of variation given in the conclusion.</subfield>
  </datafield>
  <datafield ind1=" " ind2=" " tag="590">
    <subfield code="a">aer</subfield>
    <subfield code="2">Ethnologue 15 = ISO 639-3</subfield>
  </datafield>
  <datafield ind1=" " ind2=" " tag="590">
    <subfield code="a">djd</subfield>
    <subfield code="2">Ethnologue 15 = ISO 639-3</subfield>
  </datafield>
  <datafield ind1=" " ind2=" " tag="590">
    <subfield code="a">wwr</subfield>
    <subfield code="2">Ethnologue 15 = ISO 639-3</subfield>
  </datafield>
  <datafield ind1=" " ind2=" " tag="590">
    <subfield code="a">yle</subfield>
    <subfield code="2">Ethnologue 15 = ISO 639-3</subfield>
  </datafield>
  <datafield ind1=" " ind2=" " tag="590">
    <subfield code="a">kij</subfield>
    <subfield code="2">Ethnologue 15 = ISO 639-3</subfield>
  </datafield>
  <datafield ind1=" " ind2=" " tag="590">
    <subfield code="a">tzh</subfield>
    <subfield code="2">Ethnologue 15 = ISO 639-3</subfield>
  </datafield>
  <datafield ind1=" " ind2=" " tag="590">
    <subfield code="a">yua</subfield>
    <subfield code="2">Ethnologue 15 = ISO 639-3</subfield>
  </datafield>
  <datafield ind1=" " ind2=" " tag="590">
    <subfield code="a">tri</subfield>
    <subfield code="2">Ethnologue 15 = ISO 639-3</subfield>
  </datafield>
  <datafield ind1=" " ind2=" " tag="590">
    <subfield code="a">ewe</subfield>
    <subfield code="2">Ethnologue 15 = ISO 639-3</subfield>
  </datafield>
  <datafield ind1=" " ind2=" " tag="590">
    <subfield code="a">tam</subfield>
    <subfield code="2">Ethnologue 15 = ISO 639-3</subfield>
  </datafield>
  <datafield ind1=" " ind2=" " tag="590">
    <subfield code="a">jpn</subfield>
    <subfield code="2">Ethnologue 15 = ISO 639-3</subfield>
  </datafield>
  <datafield ind1=" " ind2=" " tag="590">
    <subfield code="a">nld</subfield>
    <subfield code="2">Ethnologue 15 = ISO 639-3</subfield>
  </datafield>
  <datafield ind1=" " ind2="0" tag="650">
    <subfield code="a">Space and time in language.</subfield>
  </datafield>
  <datafield ind1=" " ind2="0" tag="650">
    <subfield code="a">Semantics.</subfield>
  </datafield>
  <datafield ind1=" " ind2="0" tag="650">
    <subfield code="a">Psycholinguistics.</subfield>
  </datafield>
  <datafield ind1="1" ind2=" " tag="700">
    <subfield code="a">Levinson, Stephen C.</subfield>
  </datafield>
  <datafield ind1="1" ind2=" " tag="700">
    <subfield code="a">Wilkins, David</subfield>
    <subfield code="q">(David P.)</subfield>
  </datafield>
  <datafield ind1="4" ind2="1" tag="856">
    <subfield code="3">Table of contents only</subfield>
    <subfield code="u">http://www.loc.gov/catdir/toc/ecip0513/2005015818.html</subfield>
  </datafield>
  <datafield ind1="4" ind2="2" tag="856">
    <subfield code="3">Publisher description</subfield>
    <subfield code="u">http://www.loc.gov/catdir/enhancements/fy0633/2005015818-d.html</subfield>
  </datafield>
  <datafield ind1="4" ind2="2" tag="856">
    <subfield code="3">Contributor biographical information</subfield>
    <subfield code="u">http://www.loc.gov/catdir/enhancements/fy0733/2005015818-b.html</subfield>
  </datafield>
  <datafield ind1=" " ind2=" " tag="035">
    <subfield code="a">(TxDaGIAL)37741100034904</subfield>
  </datafield>
  <controlfield tag="005">20080624172601.0</controlfield>
  <controlfield tag="001">28088</controlfield>
  <controlfield tag="003">TxDaGIAL</controlfield>
  <datafield ind1=" " ind2=" " tag="852">
    <subfield code="p">37741100034904</subfield>
    <subfield code="a">Library</subfield>
    <subfield code="9">$38.57</subfield>
    <subfield code="x">FUND:Gram</subfield>
    <subfield code="x">COPYID:35081</subfield>
    <subfield code="x">FSC@aRegular@c20070808</subfield>
    <subfield code="h">401.43 G745L 2006</subfield>
    <subfield code="z">Direct alibris.com 7-07</subfield>
  </datafield>
</record>