
<?xml version="1.0"?>
<record>
  <leader>01350cam a2200349 a 4500</leader>
  <controlfield tag="008">050411s2005    gw       b    001 0 eng  </controlfield>
  <datafield ind1=" " ind2=" " tag="010">
    <subfield code="a">  2005010217</subfield>
  </datafield>
  <datafield ind1=" " ind2=" " tag="020">
    <subfield code="a">3110183978 (hardcover : alk. paper)</subfield>
  </datafield>
  <datafield ind1=" " ind2=" " tag="040">
    <subfield code="a">DLC</subfield>
    <subfield code="c">DLC</subfield>
    <subfield code="d">DLC</subfield>
    <subfield code="d">TxDaGIAL</subfield>
  </datafield>
  <datafield ind1="0" ind2=" " tag="041">
    <subfield code="a">engaus</subfield>
  </datafield>
  <datafield ind1=" " ind2=" " tag="042">
    <subfield code="a">pcc</subfield>
  </datafield>
  <datafield ind1="0" ind2="0" tag="050">
    <subfield code="a">P325.5.P65</subfield>
    <subfield code="b">R54 2005</subfield>
  </datafield>
  <datafield ind1="0" ind2="0" tag="082">
    <subfield code="a">401/.43</subfield>
    <subfield code="2">22</subfield>
  </datafield>
  <datafield ind1="1" ind2=" " tag="100">
    <subfield code="a">Riemer, Nick,</subfield>
    <subfield code="d">1972-</subfield>
  </datafield>
  <datafield ind1="1" ind2="4" tag="245">
    <subfield code="a">The semantics of polysemy :</subfield>
    <subfield code="b">reading meaning in English and Warlpiri /</subfield>
    <subfield code="c">by Nick Riemer.</subfield>
  </datafield>
  <datafield ind1=" " ind2=" " tag="260">
    <subfield code="a">Berlin ;</subfield>
    <subfield code="a">New York :</subfield>
    <subfield code="b">Mouton de Gruyter,</subfield>
    <subfield code="c">c2005.</subfield>
  </datafield>
  <datafield ind1=" " ind2=" " tag="300">
    <subfield code="a">xvi, 487 p. ;</subfield>
    <subfield code="c">24 cm.</subfield>
  </datafield>
  <datafield ind1=" " ind2="0" tag="440">
    <subfield code="a">Cognitive linguistics research ;</subfield>
    <subfield code="v">30</subfield>
  </datafield>
  <datafield ind1=" " ind2=" " tag="504">
    <subfield code="a">Includes bibliographical references (p. [452]-478) and index.</subfield>
  </datafield>
  <datafield ind1=" " ind2=" " tag="546">
    <subfield code="a">English with interlinear text in Warlpiri (Walbiri)</subfield>
  </datafield>
  <datafield ind1=" " ind2=" " tag="590">
    <subfield code="a">wbp</subfield>
    <subfield code="2">Ethnologue 15 = ISO 639-3</subfield>
  </datafield>
  <datafield ind1=" " ind2="0" tag="650">
    <subfield code="a">Polysemy.</subfield>
  </datafield>
  <datafield ind1=" " ind2="0" tag="650">
    <subfield code="a">Cognitive grammar.</subfield>
  </datafield>
  <datafield ind1=" " ind2="0" tag="650">
    <subfield code="a">Grammar, Comparative and general</subfield>
    <subfield code="x">Verb.</subfield>
  </datafield>
  <datafield ind1=" " ind2="0" tag="650">
    <subfield code="a">English language</subfield>
    <subfield code="x">Semantics.</subfield>
  </datafield>
  <datafield ind1=" " ind2="0" tag="650">
    <subfield code="a">Walbiri language</subfield>
    <subfield code="x">Semantics.</subfield>
  </datafield>
  <datafield ind1="4" ind2="1" tag="856">
    <subfield code="3">Table of contents</subfield>
    <subfield code="u">http://www.loc.gov/catdir/toc/ecip0510/2005010217.html</subfield>
  </datafield>
  <datafield ind1=" " ind2=" " tag="035">
    <subfield code="a">(TxDaGIAL)37741100035307</subfield>
  </datafield>
  <controlfield tag="005">20080624172601.0</controlfield>
  <controlfield tag="001">28089</controlfield>
  <controlfield tag="003">TxDaGIAL</controlfield>
  <datafield ind1=" " ind2=" " tag="852">
    <subfield code="p">37741100035307</subfield>
    <subfield code="a">Library</subfield>
    <subfield code="9">$103.13</subfield>
    <subfield code="x">FUND:AL-SemPrag</subfield>
    <subfield code="x">COPYID:35082</subfield>
    <subfield code="x">FSC@aRegular@c20080317</subfield>
    <subfield code="h">401.43 R556s 2005</subfield>
    <subfield code="z">Direct Amazon-MP 2-08</subfield>
  </datafield>
</record>