
<?xml version="1.0"?>
<record>
  <leader>04333cam a2200433 a 4500</leader>
  <controlfield tag="008">070810s2007    ne a     b    001 0 eng  </controlfield>
  <datafield ind1=" " ind2=" " tag="010">
    <subfield code="a">  2007033516</subfield>
  </datafield>
  <datafield ind1=" " ind2=" " tag="020">
    <subfield code="a">9789027231055 (hb : set : alk. paper)</subfield>
  </datafield>
  <datafield ind1=" " ind2=" " tag="020">
    <subfield code="a">9789027231024 (hb : v. 1 : alk. paper)</subfield>
  </datafield>
  <datafield ind1=" " ind2=" " tag="020">
    <subfield code="a">9789027231031 (hb : v. 2 : alk. paper)</subfield>
  </datafield>
  <datafield ind1=" " ind2=" " tag="040">
    <subfield code="a">DLC</subfield>
    <subfield code="c">DLC</subfield>
    <subfield code="d">TxDaGIAL</subfield>
  </datafield>
  <datafield ind1="1" ind2=" " tag="041">
    <subfield code="a">engmul</subfield>
  </datafield>
  <datafield ind1="0" ind2="0" tag="050">
    <subfield code="a">P37</subfield>
    <subfield code="b">.M363 2007</subfield>
  </datafield>
  <datafield ind1="0" ind2="0" tag="082">
    <subfield code="a">401/.9</subfield>
    <subfield code="2">22</subfield>
  </datafield>
  <datafield ind1="0" ind2=" " tag="082">
    <subfield code="a">153</subfield>
  </datafield>
  <datafield ind1="0" ind2="0" tag="245">
    <subfield code="a">Mental states /</subfield>
    <subfield code="c">edited by Andrea C. Schalley and Drew Khlentzos.</subfield>
  </datafield>
  <datafield ind1=" " ind2=" " tag="260">
    <subfield code="a">Amsterdam ;</subfield>
    <subfield code="a">Philadelphia :</subfield>
    <subfield code="b">J. Benjamins Pub. Co.,</subfield>
    <subfield code="c">2007.</subfield>
  </datafield>
  <datafield ind1=" " ind2=" " tag="300">
    <subfield code="a">2 v. :</subfield>
    <subfield code="b">ill., maps ;</subfield>
    <subfield code="c">25 cm.</subfield>
  </datafield>
  <datafield ind1=" " ind2="0" tag="440">
    <subfield code="a">Studies in language companion series,</subfield>
    <subfield code="x">0165-7763 ;</subfield>
    <subfield code="v">v. 92-93</subfield>
  </datafield>
  <datafield ind1=" " ind2=" " tag="504">
    <subfield code="a">Includes bibliographical references and index.</subfield>
  </datafield>
  <datafield ind1=" " ind2=" " tag="500">
    <subfield code="a">"Most of [the chapters] were presented at the International Language and Cognition Conference, held in September 2004 at Pacific Bay Resort in Coffs Harbour, Australia." -- preface.</subfield>
  </datafield>
  <datafield ind1="2" ind2=" " tag="505">
    <subfield code="a">v. 1. Evolution, function, nature. Do we access object manipulability while we categorize? Evidence from reaction time studies / Anna M. Borghi, Claudia Bonfiglioli, Paola Ricciardelli, Sandro Rubichi and Robert Nicoletti -- Ontologies as a cue for the metaphorical meaning of technical concepts / Helmar Gust, Kai-Uwe K&#xA9;&#x1A1;hnberger and Ute Schmid -- Vagueness, supertranslatability, and conceptual schemes / Arcady Blinov --Visual representation in a natural communication system: What can signed languages reveal about categorisation across different modes of representation? / Dorothea Cogill-Koez -- Hidden units in child language / Stephen Crain, Takuya Goro and Utako Minai -- v. 2. Language and cognitive structure. Mental categories in natural languages / Drew Khlentzos and Andrea C. Schalley -- A culture-neutral metalanguage for mental state concepts / Cliff Goddard -- Shape and colour in language and thought / Anna Wierzbicka -- Universal and language-specific aspects of "propositional attitudes": Russian vs. English / Anna Gladkova -- Mental states reflected in cognitive lexemes related to memory: a case in Korean / Kyung-Joo Yoon -- Taste as a gateway to Chinese cognition / Zhengdao Ye -- "Then I'll huff and I'll puff or I'll go on the roff!" thinks the wolf: Spontaneous written narratives by a child with autism / Lesley Stirling and Graham Barrington -- Interaction between language and cognition in language development / Heather Winskel -- What figurative language development reveals about the mind / Herbert L. Colston -- Would you rather 'embert a cudsert' or 'cudsert an embert'? How spelling patterns at the beginning of English disyllables can cue grammatical category / Joanne Arciuli and Linda Cupples -- Ethnobiological classification and the environment in Northern Australia / Brett Baker -- Events masquerading as entities: Pseudorelative perception verb complements in Mawng (Australian) and Romance languages / Ruth Singer -- Word and construction as units of categorization: the case of change predicates in</subfield>
  </datafield>
  <datafield ind1="8" ind2=" " tag="520">
    <subfield code="a">"Topics and linguistic phenomena investigated [in this volume] include narratives and story telling, language development, figurative language, questions of linguistic categorisation, linguistic relativity, and more generally the linguistic coding of mental states (such as perceptions and attitudes)" -- preface to v. 2.</subfield>
  </datafield>
  <datafield ind1=" " ind2=" " tag="546">
    <subfield code="a">In English, with occasional terms and parallel text in other languages, including Estonian and the Australian languages Maung, Ngalakan and Nunggubuyu (Wubuy)</subfield>
  </datafield>
  <datafield ind1=" " ind2=" " tag="590">
    <subfield code="a">nig</subfield>
    <subfield code="2">Ethnologue 15 = ISO 639-3</subfield>
  </datafield>
  <datafield ind1=" " ind2=" " tag="590">
    <subfield code="a">nuy</subfield>
    <subfield code="2">Ethnologue 15 = ISO 639-3</subfield>
  </datafield>
  <datafield ind1=" " ind2=" " tag="590">
    <subfield code="a">mph</subfield>
    <subfield code="2">Ethnologue 15 = ISO 639-3</subfield>
  </datafield>
  <datafield ind1=" " ind2=" " tag="590">
    <subfield code="a">est</subfield>
    <subfield code="2">Ethnologue 15 = ISO 639-3</subfield>
  </datafield>
  <datafield ind1=" " ind2="0" tag="650">
    <subfield code="a">Psycholinguistics.</subfield>
  </datafield>
  <datafield ind1=" " ind2="0" tag="650">
    <subfield code="a">Cognition.</subfield>
  </datafield>
  <datafield ind1=" " ind2="0" tag="650">
    <subfield code="a">Semantics.</subfield>
  </datafield>
  <datafield ind1="1" ind2=" " tag="700">
    <subfield code="a">Schalley, Andrea C.,</subfield>
    <subfield code="d">1972-</subfield>
  </datafield>
  <datafield ind1="1" ind2=" " tag="700">
    <subfield code="a">Khlentzos, Drew.</subfield>
  </datafield>
  <datafield ind1=" " ind2=" " tag="035">
    <subfield code="a">(TxDaGIAL)37741100035253</subfield>
  </datafield>
  <controlfield tag="005">20080624172602.0</controlfield>
  <controlfield tag="001">28090</controlfield>
  <controlfield tag="003">TxDaGIAL</controlfield>
  <datafield ind1=" " ind2=" " tag="852">
    <subfield code="p">37741100035253</subfield>
    <subfield code="a">Library</subfield>
    <subfield code="b">Robert E. Longacre C</subfield>
    <subfield code="9">$0.00</subfield>
    <subfield code="x">FUND:Gift</subfield>
    <subfield code="x">COPYID:35083</subfield>
    <subfield code="x">FSC@aRegular@c20080312</subfield>
    <subfield code="h">401.9 M549s vol.1 2007</subfield>
    <subfield code="z">Gift Robert E. Longacre 1-08</subfield>
  </datafield>
  <datafield ind1=" " ind2=" " tag="852">
    <subfield code="p">37741100035254</subfield>
    <subfield code="a">Library</subfield>
    <subfield code="b">Robert E. Longacre C</subfield>
    <subfield code="9">$0.00</subfield>
    <subfield code="x">FUND:Gift</subfield>
    <subfield code="x">COPYID:35084</subfield>
    <subfield code="x">FSC@aRegular@c20080312</subfield>
    <subfield code="h">401.9 M549s vol.2 2007</subfield>
    <subfield code="z">Gift Robert E. Longacre 1-08</subfield>
  </datafield>
</record>