
<?xml version="1.0"?>
<record>
  <leader>01587nam a2200397 a 4500</leader>
  <controlfield tag="006">m        d        </controlfield>
  <controlfield tag="007">co cga---uuuuu</controlfield>
  <controlfield tag="008">751101s2005    cl ab    b    000 0 spa d</controlfield>
  <datafield ind1=" " ind2=" " tag="040">
    <subfield code="a">TxDaGIAL</subfield>
    <subfield code="c">TxDaGIAL</subfield>
  </datafield>
  <datafield ind1="0" ind2=" " tag="041">
    <subfield code="a">spa</subfield>
    <subfield code="b">eng</subfield>
  </datafield>
  <datafield ind1=" " ind2=" " tag="043">
    <subfield code="a">s-cl---</subfield>
  </datafield>
  <datafield ind1="0" ind2="0" tag="050">
    <subfield code="a">P25</subfield>
    <subfield code="b">.E8</subfield>
  </datafield>
  <datafield ind1="0" ind2="4" tag="082">
    <subfield code="a">409/.83</subfield>
    <subfield code="2">22</subfield>
  </datafield>
  <datafield ind1="0" ind2=" " tag="210">
    <subfield code="a">Estud. filol</subfield>
  </datafield>
  <datafield ind1="0" ind2="0" tag="245">
    <subfield code="a">Estudios filol&#xA9;&#x111;gicos :</subfield>
    <subfield code="b">Revista de Ling&#xA9;&#x1A1;&#xA9;&#x1AF;stica y literatura.</subfield>
    <subfield code="n">40.</subfield>
  </datafield>
  <datafield ind1=" " ind2=" " tag="260">
    <subfield code="a">Valdivia :</subfield>
    <subfield code="b">Facultad de Filosof&#xA9;&#x1AF;a y Humanidades, Universidad Austral de Chile,</subfield>
    <subfield code="c">2005.</subfield>
  </datafield>
  <datafield ind1=" " ind2=" " tag="300">
    <subfield code="a">228.p. :</subfield>
    <subfield code="b">ill., map ;</subfield>
    <subfield code="c">24 cm.</subfield>
  </datafield>
  <datafield ind1=" " ind2=" " tag="504">
    <subfield code="a">Includes bibliographical references.</subfield>
  </datafield>
  <datafield ind1="0" ind2=" " tag="510">
    <subfield code="a">Indexed in LLBA</subfield>
  </datafield>
  <datafield ind1=" " ind2=" " tag="530">
    <subfield code="a">Also issued online.</subfield>
  </datafield>
  <datafield ind1=" " ind2=" " tag="546">
    <subfield code="a">In Spanish; abstracts in English and Spanish.</subfield>
  </datafield>
  <datafield ind1=" " ind2=" " tag="590">
    <subfield code="a">arn</subfield>
    <subfield code="2">Ethnologue 15 = ISO/DIS 639-3</subfield>
  </datafield>
  <datafield ind1=" " ind2="0" tag="650">
    <subfield code="a">Philology.</subfield>
  </datafield>
  <datafield ind1=" " ind2="0" tag="650">
    <subfield code="a">Spanish philology.</subfield>
  </datafield>
  <datafield ind1=" " ind2="0" tag="650">
    <subfield code="a">Spanish language</subfield>
    <subfield code="x">Provincialisms</subfield>
    <subfield code="z">Chile.</subfield>
  </datafield>
  <datafield ind1=" " ind2="0" tag="650">
    <subfield code="a">Chilean literature</subfield>
    <subfield code="x">History and criticism.</subfield>
  </datafield>
  <datafield ind1=" " ind2="0" tag="650">
    <subfield code="a">Spanish American literature.</subfield>
  </datafield>
  <datafield ind1=" " ind2="0" tag="650">
    <subfield code="a">Mapuche language.</subfield>
  </datafield>
  <datafield ind1="2" ind2=" " tag="710">
    <subfield code="a">Universidad Austral de Chile.</subfield>
    <subfield code="b">Facultad de Filosof&#xA9;&#x1AF;a y Humanidades.</subfield>
  </datafield>
  <datafield ind1="1" ind2=" " tag="776">
    <subfield code="t">Estudios filol&#xA9;&#x111;gicos (Online)</subfield>
    <subfield code="x">0717-6171</subfield>
  </datafield>
  <datafield ind1="4" ind2="0" tag="856">
    <subfield code="u">http://www.scielo.cl/scielo.php?script=sci_serial&amp;pid=0071-1713&amp;lng=en&amp;nrm=iso</subfield>
    <subfield code="z">Access full text via Directory of Open Access Journals: 1998 to present</subfield>
  </datafield>
  <datafield ind1=" " ind2=" " tag="035">
    <subfield code="a">(TxDaGIAL)37741100034510</subfield>
  </datafield>
  <controlfield tag="005">20080624172602.0</controlfield>
  <controlfield tag="001">28091</controlfield>
  <controlfield tag="003">TxDaGIAL</controlfield>
  <datafield ind1=" " ind2=" " tag="852">
    <subfield code="p">37741100034510</subfield>
    <subfield code="a">Library</subfield>
    <subfield code="9">$0.00</subfield>
    <subfield code="x">FUND:Gift</subfield>
    <subfield code="x">COPYID:35085</subfield>
    <subfield code="x">FSC@aRegular@c20070207</subfield>
    <subfield code="h">409.83 E82f 2005</subfield>
    <subfield code="z">Gift Millie Larson 7-06</subfield>
  </datafield>
</record>