
<?xml version="1.0"?>
<record>
  <leader>02983cam a2200481 a 4500</leader>
  <controlfield tag="008">050304s2005    caua     b    001 0 eng  </controlfield>
  <datafield ind1=" " ind2=" " tag="010">
    <subfield code="a">  2005006327</subfield>
  </datafield>
  <datafield ind1=" " ind2=" " tag="020">
    <subfield code="a">1575864878 (cloth cover : alk. paper)</subfield>
  </datafield>
  <datafield ind1=" " ind2=" " tag="020">
    <subfield code="a">1575864886 (pbk. : alk. paper)</subfield>
  </datafield>
  <datafield ind1=" " ind2=" " tag="035">
    <subfield code="a">(OCoLC)ocm58423119</subfield>
  </datafield>
  <datafield ind1=" " ind2=" " tag="040">
    <subfield code="a">DLC</subfield>
    <subfield code="c">DLC</subfield>
    <subfield code="d">C#P</subfield>
    <subfield code="d">BAKER</subfield>
    <subfield code="d">DLC</subfield>
    <subfield code="d">TxDaGIAL</subfield>
  </datafield>
  <datafield ind1="0" ind2=" " tag="041">
    <subfield code="a">engmismul</subfield>
  </datafield>
  <datafield ind1="0" ind2="0" tag="050">
    <subfield code="a">P39</subfield>
    <subfield code="b">.L36 2005</subfield>
  </datafield>
  <datafield ind1="0" ind2="0" tag="082">
    <subfield code="a">410/.18</subfield>
    <subfield code="2">22</subfield>
  </datafield>
  <datafield ind1="0" ind2="4" tag="082">
    <subfield code="a">410.151</subfield>
    <subfield code="2">22</subfield>
  </datafield>
  <datafield ind1="0" ind2="0" tag="245">
    <subfield code="a">Language &amp; grammar :</subfield>
    <subfield code="b">studies in mathematical linguistics and natural language /</subfield>
    <subfield code="c">edited by C. Casadio, P.J. Scott, R.A.G. Seely.</subfield>
  </datafield>
  <datafield ind1="3" ind2=" " tag="246">
    <subfield code="a">Language and grammar</subfield>
  </datafield>
  <datafield ind1=" " ind2=" " tag="260">
    <subfield code="a">Stanford, Calif. :</subfield>
    <subfield code="b">Center for the Study of Language and Information,</subfield>
    <subfield code="c">c2005.</subfield>
  </datafield>
  <datafield ind1=" " ind2=" " tag="300">
    <subfield code="a">xxxi, 269 p. :</subfield>
    <subfield code="b">ill. ;</subfield>
    <subfield code="c">23 cm.</subfield>
  </datafield>
  <datafield ind1=" " ind2="0" tag="440">
    <subfield code="a">CSLI lecture notes ;</subfield>
    <subfield code="v">no. 168</subfield>
  </datafield>
  <datafield ind1=" " ind2=" " tag="504">
    <subfield code="a">Includes bibliographical references and index.</subfield>
  </datafield>
  <datafield ind1="0" ind2=" " tag="505">
    <subfield code="a">The categorial fine-structure of natural language / Johan van Benthem -- Excursions in natural logic / Edward Keenan -- Characterization of atomicity in Lambek calculus and bilinear logic / Mati Pentus -- Lambek calculus with nonlogical axioms / Wojciech Buszkowski -- On the expressive power of the Lambek calculus extended with a structural modality / Philippe de Groote -- The Lambek calculus with brackets / Mario Fadda and Glyn Morrill -- What are pregroups? / J. Lambek -- On subgroups of the Lambek pregroup / Michael Barr -- Pregroups and type-logical grammar : searching for convergence / Michael Moortgat and Richard T. Oehrle -- Categorial grammar for minimalism / Alain Lecomte -- On tree languages generated by categorial grammars / Maciej Kandulski -- Subject predicate order in classical Sanskrit / Brendan S. Gillon -- A computational approach to the noun in Burushaski / Daniele Bargelli -- Geometry of language and linguistic circuitry / Glyn Morrill.</subfield>
  </datafield>
  <datafield ind1=" " ind2=" " tag="546">
    <subfield code="a">In English with occasional terms and interlinear text in various languages, including Burushaski of Pakistan.</subfield>
  </datafield>
  <datafield ind1=" " ind2=" " tag="590">
    <subfield code="a">bsk</subfield>
    <subfield code="2">Ethnologue 15 = ISO 639-3</subfield>
  </datafield>
  <datafield ind1="1" ind2="0" tag="600">
    <subfield code="a">Lambek, Joachim.</subfield>
  </datafield>
  <datafield ind1=" " ind2="0" tag="650">
    <subfield code="a">Language and logic.</subfield>
  </datafield>
  <datafield ind1=" " ind2="0" tag="650">
    <subfield code="a">Categorial grammar.</subfield>
  </datafield>
  <datafield ind1=" " ind2="0" tag="650">
    <subfield code="a">Lambda calculus.</subfield>
  </datafield>
  <datafield ind1=" " ind2="0" tag="650">
    <subfield code="a">Grammar, Comparative and general</subfield>
    <subfield code="x">Grammatical categories.</subfield>
  </datafield>
  <datafield ind1=" " ind2="0" tag="650">
    <subfield code="a">Categories (Mathematics)</subfield>
  </datafield>
  <datafield ind1=" " ind2="0" tag="650">
    <subfield code="a">Logic, Symbolic and mathematical.</subfield>
  </datafield>
  <datafield ind1=" " ind2="0" tag="650">
    <subfield code="a">Mathematical linguistics.</subfield>
  </datafield>
  <datafield ind1=" " ind2="0" tag="650">
    <subfield code="a">Computational linguistics.</subfield>
  </datafield>
  <datafield ind1="1" ind2=" " tag="700">
    <subfield code="a">Casadio, C.</subfield>
    <subfield code="q">(Claudia)</subfield>
  </datafield>
  <datafield ind1="1" ind2=" " tag="700">
    <subfield code="a">Scott, Philip J.</subfield>
  </datafield>
  <datafield ind1="1" ind2=" " tag="700">
    <subfield code="a">Seely, R. A. G.</subfield>
    <subfield code="q">(Robert Andrew George),</subfield>
    <subfield code="d">1951-</subfield>
  </datafield>
  <datafield ind1="4" ind2="1" tag="856">
    <subfield code="3">Table of contents only</subfield>
    <subfield code="u">http://www.loc.gov/catdir/toc/ecip059/2005006327.html</subfield>
  </datafield>
  <datafield ind1="4" ind2="2" tag="856">
    <subfield code="3">Publisher description</subfield>
    <subfield code="u">http://www.loc.gov/catdir/enhancements/fy0621/2005006327-d.html</subfield>
  </datafield>
  <datafield ind1=" " ind2=" " tag="035">
    <subfield code="a">(TxDaGIAL)37741100035354</subfield>
  </datafield>
  <controlfield tag="005">20080624172604.0</controlfield>
  <controlfield tag="001">28094</controlfield>
  <controlfield tag="003">TxDaGIAL</controlfield>
  <datafield ind1=" " ind2=" " tag="852">
    <subfield code="p">37741100035354</subfield>
    <subfield code="a">Library</subfield>
    <subfield code="9">$10.25</subfield>
    <subfield code="x">FUND:Gram</subfield>
    <subfield code="x">COPYID:35088</subfield>
    <subfield code="x">FSC@aRegular@c20080318</subfield>
    <subfield code="h">410.151 L287c 2005</subfield>
    <subfield code="z">Direct University of Chicago 2-08</subfield>
  </datafield>
</record>