
<?xml version="1.0"?>
<record>
  <leader>01976nam a2200325 a 4500</leader>
  <controlfield tag="008">020131s1999    th a     b    000 0 eng  </controlfield>
  <datafield ind1=" " ind2=" " tag="040">
    <subfield code="a">TxDaGIAL</subfield>
    <subfield code="c">TxDaGIAL</subfield>
  </datafield>
  <datafield ind1="0" ind2=" " tag="041">
    <subfield code="a">engsitmapmkhtai</subfield>
    <subfield code="b">tha</subfield>
  </datafield>
  <datafield ind1="0" ind2="4" tag="082">
    <subfield code="a">410.5</subfield>
    <subfield code="2">22</subfield>
  </datafield>
  <datafield ind1="0" ind2="0" tag="245">
    <subfield code="a">PYU working papers in linguistics.</subfield>
    <subfield code="n">Vol. 3 /</subfield>
    <subfield code="c">edited by Lynn Paulsen.</subfield>
  </datafield>
  <datafield ind1=" " ind2=" " tag="260">
    <subfield code="a">Chiang Mai, Thailand :</subfield>
    <subfield code="b">Payap University Graduate Linguistics Dept.,</subfield>
    <subfield code="c">1999.</subfield>
  </datafield>
  <datafield ind1=" " ind2=" " tag="300">
    <subfield code="a">194 p. :</subfield>
    <subfield code="b">ill. ;</subfield>
    <subfield code="c">25 cm.</subfield>
  </datafield>
  <datafield ind1=" " ind2=" " tag="504">
    <subfield code="a">Includes bibliographical references.</subfield>
  </datafield>
  <datafield ind1="8" ind2=" " tag="505">
    <subfield code="a">An acoustic phonetic analysis of the vowels and tones of Lahu Shi Balan / Arthur D. Cooper -- The kinship system of the Bisu of Chiang Rai / Kirk R. Person -- Relative clauses in Tai Lue / William J. Hanna -- Some discourse evidence for analyzing Molbog as an ergative language / Douglas Inglis -- A preliminary discourse analysis of Western Red Karen narratives / Brooke Bryant, Karen Block, John Bryant -- A sociolinguistic analysis for Coloured South African speech in Australia / Ken Manson -- A preliminary phonological analysis of Huay Jo Khmu / Michael and Susan Cooper</subfield>
  </datafield>
  <datafield ind1=" " ind2=" " tag="546">
    <subfield code="a">English with terms and interlinear text in Lahu, Bisu (Lawa), L&#xA9;&#x1A1;, Molbog (Melebuganon), Western Kayah, and Khmu' languages; some abstracts in Thai.</subfield>
  </datafield>
  <datafield ind1=" " ind2=" " tag="590">
    <subfield code="a">bii</subfield>
    <subfield code="2">Ethnologue 15 = ISO/DIS 639-3</subfield>
  </datafield>
  <datafield ind1=" " ind2=" " tag="590">
    <subfield code="a">kds</subfield>
    <subfield code="2">Ethnologue 15 = ISO/DIS 639-3</subfield>
  </datafield>
  <datafield ind1=" " ind2=" " tag="590">
    <subfield code="a">khb</subfield>
    <subfield code="2">Ethnologue 15 = ISO/DIS 639-3</subfield>
  </datafield>
  <datafield ind1=" " ind2=" " tag="590">
    <subfield code="a">kjg</subfield>
    <subfield code="2">Ethnologue 15 = ISO/DIS 639-3</subfield>
  </datafield>
  <datafield ind1=" " ind2=" " tag="590">
    <subfield code="a">kyu</subfield>
    <subfield code="2">Ethnologue 15 = ISO/DIS 639-3</subfield>
  </datafield>
  <datafield ind1=" " ind2=" " tag="590">
    <subfield code="a">pwm</subfield>
    <subfield code="2">Ethnologue 15 = ISO/DIS 639-3</subfield>
  </datafield>
  <datafield ind1=" " ind2="0" tag="651">
    <subfield code="a">Southeast Asia</subfield>
    <subfield code="x">Languages.</subfield>
  </datafield>
  <datafield ind1=" " ind2="0" tag="650">
    <subfield code="a">English language</subfield>
    <subfield code="x">Dialects</subfield>
    <subfield code="z">Australia.</subfield>
  </datafield>
  <datafield ind1="1" ind2=" " tag="700">
    <subfield code="a">Paulsen, Debbie Lynn.</subfield>
  </datafield>
  <datafield ind1="2" ind2=" " tag="710">
    <subfield code="a">Mah&#x266F;witthay&#x266F;lai Ph&#x266F;yap.</subfield>
    <subfield code="b">Linguistics Dept.</subfield>
  </datafield>
  <datafield ind1=" " ind2=" " tag="035">
    <subfield code="a">(TxDaGIAL)37741100029931</subfield>
  </datafield>
  <controlfield tag="005">20080624172604.0</controlfield>
  <controlfield tag="001">28095</controlfield>
  <controlfield tag="003">TxDaGIAL</controlfield>
  <datafield ind1=" " ind2=" " tag="852">
    <subfield code="p">37741100029931</subfield>
    <subfield code="a">Library</subfield>
    <subfield code="9">$0.00</subfield>
    <subfield code="x">FUND:Gift</subfield>
    <subfield code="x">COPYID:35089</subfield>
    <subfield code="x">FSC@aRegular@c20060606</subfield>
    <subfield code="h">410.5 P999 vol.3 1999</subfield>
    <subfield code="z">Gift Mainland S.E. Asia Group 12-02</subfield>
  </datafield>
</record>