
<?xml version="1.0"?>
<record>
  <leader>02781cam a2200433 a 4500</leader>
  <controlfield tag="008">000810s2001    enka     b    001 0 eng  </controlfield>
  <datafield ind1=" " ind2=" " tag="010">
    <subfield code="a">   00063073</subfield>
  </datafield>
  <datafield ind1=" " ind2=" " tag="015">
    <subfield code="a">GBA1-43969</subfield>
  </datafield>
  <datafield ind1=" " ind2=" " tag="020">
    <subfield code="a">0521660491 (hbk.)</subfield>
  </datafield>
  <datafield ind1=" " ind2=" " tag="020">
    <subfield code="a">0521669375 (pbk.)</subfield>
  </datafield>
  <datafield ind1=" " ind2=" " tag="035">
    <subfield code="a">13848544</subfield>
  </datafield>
  <datafield ind1=" " ind2=" " tag="040">
    <subfield code="a">DLC</subfield>
    <subfield code="c">DLC</subfield>
    <subfield code="d">C#P</subfield>
    <subfield code="d">UKM</subfield>
    <subfield code="d">CUS</subfield>
    <subfield code="d">TxDaGIAL</subfield>
  </datafield>
  <datafield ind1="0" ind2=" " tag="041">
    <subfield code="a">engmul</subfield>
  </datafield>
  <datafield ind1="0" ind2="0" tag="050">
    <subfield code="a">P128.F53</subfield>
    <subfield code="b">L56 2001</subfield>
  </datafield>
  <datafield ind1="0" ind2="0" tag="082">
    <subfield code="a">410/.7/2</subfield>
    <subfield code="2">21</subfield>
  </datafield>
  <datafield ind1="0" ind2="0" tag="245">
    <subfield code="a">Linguistic fieldwork /</subfield>
    <subfield code="c">edited by Paul Newman and Martha Ratliff.</subfield>
  </datafield>
  <datafield ind1=" " ind2=" " tag="260">
    <subfield code="a">Cambridge ;</subfield>
    <subfield code="a">New York :</subfield>
    <subfield code="b">Cambridge University Press,</subfield>
    <subfield code="c">c2001.</subfield>
  </datafield>
  <datafield ind1=" " ind2=" " tag="300">
    <subfield code="a">xii, 288 p. :</subfield>
    <subfield code="b">ill. ;</subfield>
    <subfield code="c">24 cm.</subfield>
  </datafield>
  <datafield ind1=" " ind2=" " tag="504">
    <subfield code="a">Includes bibliographical references and index.</subfield>
  </datafield>
  <datafield ind1="8" ind2=" " tag="505">
    <subfield code="a">Introduction / PAUL NEWMAN AND MARTHA RATLIFF -- I Fieldwork as a state of mind / LARRY M. HYMAN -- 2 Who shapes the record: the speaker and the linguist / MARIANNE MITHUN -- 3 Places and people: field sites and informants / GERRIT J. DIMMENDAAL -- 4 Ulwa (Southern Sumu): the beginnings of a language research project / KEN HALE -- 5 Escaping Eurocentrism: fieldwork as a process of unlearning / DAVID GIL -- 6 Surprises in Sutherland: linguistic variability amidst social uniformity / NANCY C. DORIAN -- 7 The role of text collection and elicitation in linguistic fieldwork  SHOBHANA L. CHELLIAH -- 8 Monolingual field research / DANIEL L. EVERETT -- 9 The give and take of fieldwork: noun classes and other concerns in Fatick, Senegal / FIONA MC LAUGHLIN AND THIERNO SEYDOU SALL -- 10 Phonetic fieldwork / IAN MADDIESON -- 11 Learning as one goes / KEREN RICE -- 12 The last speaker is dead - long live the last speaker! / NICHOLAS EVANS.</subfield>
  </datafield>
  <datafield ind1=" " ind2=" " tag="546">
    <subfield code="a">English with interlinear text in Mohawk, Central Pomo, Southern Sumu, Min Nan Chinese, Tagalog, Malay, Meitei, North Slavey and other dialects and languages</subfield>
  </datafield>
  <datafield ind1=" " ind2=" " tag="590">
    <subfield code="a">moh</subfield>
    <subfield code="2">Ethnologue 15 = ISO 639-3</subfield>
  </datafield>
  <datafield ind1=" " ind2=" " tag="590">
    <subfield code="a">poo</subfield>
    <subfield code="2">Ethnologue 15 = ISO 639-3</subfield>
  </datafield>
  <datafield ind1=" " ind2=" " tag="590">
    <subfield code="a">sum</subfield>
    <subfield code="2">Ethnologue 15 = ISO 639-3</subfield>
  </datafield>
  <datafield ind1=" " ind2=" " tag="590">
    <subfield code="a">nan</subfield>
    <subfield code="2">Ethnologue 15 = ISO 639-3</subfield>
  </datafield>
  <datafield ind1=" " ind2=" " tag="590">
    <subfield code="a">tgl</subfield>
    <subfield code="2">Ethnologue 15 = ISO 639-3</subfield>
  </datafield>
  <datafield ind1=" " ind2=" " tag="590">
    <subfield code="a">mly</subfield>
    <subfield code="2">Ethnologue 15 = ISO 639-3</subfield>
  </datafield>
  <datafield ind1=" " ind2=" " tag="590">
    <subfield code="a">mni</subfield>
    <subfield code="2">Ethnologue 15 = ISO 639-3</subfield>
  </datafield>
  <datafield ind1=" " ind2=" " tag="590">
    <subfield code="a">scs</subfield>
    <subfield code="2">Ethnologue 15 = ISO 639-3</subfield>
  </datafield>
  <datafield ind1=" " ind2="0" tag="650">
    <subfield code="a">Linguistics</subfield>
    <subfield code="x">Field work.</subfield>
  </datafield>
  <datafield ind1="1" ind2=" " tag="700">
    <subfield code="a">Newman, Paul,</subfield>
    <subfield code="d">1937-</subfield>
  </datafield>
  <datafield ind1="1" ind2=" " tag="700">
    <subfield code="a">Ratliff, Martha Susan,</subfield>
    <subfield code="d">1946-</subfield>
  </datafield>
  <datafield ind1=" " ind2=" " tag="035">
    <subfield code="a">(TxDaGIAL)37741100025220</subfield>
  </datafield>
  <controlfield tag="005">20080624172605.0</controlfield>
  <controlfield tag="001">28096</controlfield>
  <controlfield tag="003">TxDaGIAL</controlfield>
  <datafield ind1=" " ind2=" " tag="852">
    <subfield code="p">37741100025220</subfield>
    <subfield code="a">Library</subfield>
    <subfield code="9">$21.08</subfield>
    <subfield code="x">FUND:FieldM</subfield>
    <subfield code="x">COPYID:35090</subfield>
    <subfield code="x">FSC@aRegular@c20011210</subfield>
    <subfield code="h">410.72 L755n 2001</subfield>
    <subfield code="z">B/T 12-01</subfield>
  </datafield>
  <datafield ind1=" " ind2=" " tag="852">
    <subfield code="p">37741100035285</subfield>
    <subfield code="a">Library</subfield>
    <subfield code="9">$24.49</subfield>
    <subfield code="x">FUND:FieldM</subfield>
    <subfield code="x">COPYID:35091</subfield>
    <subfield code="x">FSC@aRegular@c20080311</subfield>
    <subfield code="h">410.72 L755n 2001</subfield>
    <subfield code="z">Direct Half.com 1-08</subfield>
  </datafield>
  <datafield ind1=" " ind2=" " tag="852">
    <subfield code="p">37741100035286</subfield>
    <subfield code="a">Library</subfield>
    <subfield code="9">$24.49</subfield>
    <subfield code="x">FUND:FieldM</subfield>
    <subfield code="x">COPYID:35092</subfield>
    <subfield code="x">FSC@aRegular@c20080311</subfield>
    <subfield code="h">410.72 L755n 2001</subfield>
    <subfield code="z">Direct Half.com 1-08</subfield>
  </datafield>
</record>