
<?xml version="1.0"?>
<record>
  <leader>02199cam a2200433 a 4500</leader>
  <controlfield tag="008">040716s2004    ne ab    b    101 0deng  </controlfield>
  <datafield ind1=" " ind2=" " tag="010">
    <subfield code="a">  2004055974</subfield>
  </datafield>
  <datafield ind1=" " ind2=" " tag="020">
    <subfield code="a">158811581X (US)</subfield>
  </datafield>
  <datafield ind1=" " ind2=" " tag="020">
    <subfield code="a">9027245975 (Eur.)</subfield>
  </datafield>
  <datafield ind1=" " ind2=" " tag="040">
    <subfield code="a">DLC</subfield>
    <subfield code="c">DLC</subfield>
    <subfield code="d">DLC</subfield>
    <subfield code="d">TxDaGIAL</subfield>
  </datafield>
  <datafield ind1="0" ind2=" " tag="041">
    <subfield code="a">engspamul</subfield>
    <subfield code="b">eng</subfield>
  </datafield>
  <datafield ind1="0" ind2="0" tag="050">
    <subfield code="a">P53</subfield>
    <subfield code="b">.I527 2003</subfield>
  </datafield>
  <datafield ind1="0" ind2="4" tag="082">
    <subfield code="a">410.9/03</subfield>
    <subfield code="2">22</subfield>
  </datafield>
  <datafield ind1="2" ind2=" " tag="111">
    <subfield code="a">International Conference on Missionary Linguistics</subfield>
    <subfield code="n">(1st :</subfield>
    <subfield code="d">2003). :</subfield>
    <subfield code="p">Oslo, Norway)</subfield>
  </datafield>
  <datafield ind1="1" ind2="0" tag="245">
    <subfield code="a">Missionary linguistics =</subfield>
    <subfield code="b">Ling&#xA9;&#x1A1;&#xA9;&#x1AF;stica misionera : selected papers from the First International Conference on Missionary Linguistics, Oslo, 13-16 March, 2003 /</subfield>
    <subfield code="c">edited by Otto Zwartjes, Even Hovdhaugen.</subfield>
  </datafield>
  <datafield ind1="3" ind2="1" tag="246">
    <subfield code="a">Ling&#xA9;&#x1A1;&#xA9;&#x1AF;stica misionera</subfield>
  </datafield>
  <datafield ind1=" " ind2=" " tag="260">
    <subfield code="a">Amsterdam ;</subfield>
    <subfield code="a">Philadelphia, Pa. :</subfield>
    <subfield code="b">John Benjamins Pub.,</subfield>
    <subfield code="c">c2004.</subfield>
  </datafield>
  <datafield ind1=" " ind2=" " tag="300">
    <subfield code="a">vi, 288 p. :</subfield>
    <subfield code="b">ill., maps ;</subfield>
    <subfield code="c">23 cm.</subfield>
  </datafield>
  <datafield ind1=" " ind2="0" tag="440">
    <subfield code="a">Amsterdam studies in the theory and history of linguistic science.</subfield>
    <subfield code="n">Series III,</subfield>
    <subfield code="p">Studies in the history of the language sciences ;</subfield>
    <subfield code="v">106</subfield>
  </datafield>
  <datafield ind1=" " ind2=" " tag="504">
    <subfield code="a">Includes bibliographical references and indexes.</subfield>
  </datafield>
  <datafield ind1=" " ind2=" " tag="546">
    <subfield code="a">In English or in Spanish with abstracts in English.  Contains terms and text in other languages, including Quechua, Xhosa, transliterated Japanese, Pampango [Kapampangan] (Philippines), and Awabagal (Australia)</subfield>
  </datafield>
  <datafield ind1=" " ind2=" " tag="500">
    <subfield code="a">The papers from this conference review and compare the linguistic work of missionaries, both Catholic and Protestant, from the period 1492-1850. -- p. 3.</subfield>
  </datafield>
  <datafield ind1=" " ind2=" " tag="590">
    <subfield code="a">xho</subfield>
    <subfield code="2">Ethnologue 15 = ISO 639-3</subfield>
  </datafield>
  <datafield ind1=" " ind2=" " tag="590">
    <subfield code="a">pam</subfield>
    <subfield code="2">Ethnologue 15 = ISO</subfield>
  </datafield>
  <datafield ind1=" " ind2=" " tag="590">
    <subfield code="a">ceb</subfield>
    <subfield code="2">Ethnologue 15 = ISO</subfield>
  </datafield>
  <datafield ind1=" " ind2=" " tag="590">
    <subfield code="a">awk</subfield>
    <subfield code="2">Ethnologue 15 = ISO</subfield>
  </datafield>
  <datafield ind1="0" ind2=" " tag="510">
    <subfield code="a">Indexed in LLBA</subfield>
  </datafield>
  <datafield ind1=" " ind2="0" tag="650">
    <subfield code="a">Language and languages</subfield>
    <subfield code="x">Study and teaching</subfield>
    <subfield code="x">History</subfield>
    <subfield code="v">Congresses.</subfield>
  </datafield>
  <datafield ind1=" " ind2="0" tag="650">
    <subfield code="a">Missions</subfield>
    <subfield code="x">Linguistic work</subfield>
    <subfield code="v">Congresses.</subfield>
  </datafield>
  <datafield ind1=" " ind2="0" tag="650">
    <subfield code="a">Missions</subfield>
    <subfield code="x">Linguistic work</subfield>
    <subfield code="x">History.</subfield>
  </datafield>
  <datafield ind1=" " ind2="0" tag="650">
    <subfield code="a">Linguistics</subfield>
    <subfield code="x">History.</subfield>
  </datafield>
  <datafield ind1=" " ind2="0" tag="650">
    <subfield code="a">Grammar, Comparative and general</subfield>
    <subfield code="x">History.</subfield>
  </datafield>
  <datafield ind1="1" ind2=" " tag="700">
    <subfield code="a">Zwartjes, Otto.</subfield>
  </datafield>
  <datafield ind1="1" ind2=" " tag="700">
    <subfield code="a">Hovdhaugen, Even.</subfield>
  </datafield>
  <datafield ind1=" " ind2=" " tag="035">
    <subfield code="a">(TxDaGIAL)37741100034851</subfield>
  </datafield>
  <controlfield tag="005">20080624172605.0</controlfield>
  <controlfield tag="001">28097</controlfield>
  <controlfield tag="003">TxDaGIAL</controlfield>
  <datafield ind1=" " ind2=" " tag="852">
    <subfield code="p">37741100034851</subfield>
    <subfield code="a">Library</subfield>
    <subfield code="9">$116.61</subfield>
    <subfield code="x">FUND:Ling</subfield>
    <subfield code="x">COPYID:35093</subfield>
    <subfield code="x">FSC@aRegular@c20070625</subfield>
    <subfield code="h">410.903 I61m 2003</subfield>
    <subfield code="z">B/T 5-07</subfield>
  </datafield>
</record>