
<?xml version="1.0"?>
<record>
  <leader>02325cam a2200349 a 4500</leader>
  <controlfield tag="008">061122s2007    ne a     b    011 0 eng  </controlfield>
  <datafield ind1=" " ind2=" " tag="010">
    <subfield code="a">  2006047948</subfield>
  </datafield>
  <datafield ind1=" " ind2=" " tag="020">
    <subfield code="a">9789027230942 (alk. paper)</subfield>
  </datafield>
  <datafield ind1=" " ind2=" " tag="020">
    <subfield code="a">9027230943 (alk. paper)</subfield>
  </datafield>
  <datafield ind1=" " ind2=" " tag="035">
    <subfield code="a">(OCoLC)ocm76864603</subfield>
  </datafield>
  <datafield ind1=" " ind2=" " tag="035">
    <subfield code="a">(OCoLC)76864603</subfield>
  </datafield>
  <datafield ind1=" " ind2=" " tag="040">
    <subfield code="a">DLC</subfield>
    <subfield code="c">DLC</subfield>
    <subfield code="d">BAKER</subfield>
    <subfield code="d">BTCTA</subfield>
    <subfield code="d">C#P</subfield>
    <subfield code="d">OHX</subfield>
    <subfield code="d">YDXCP</subfield>
    <subfield code="d">DLC</subfield>
    <subfield code="d">TxDaGIAL</subfield>
  </datafield>
  <datafield ind1="0" ind2=" " tag="041">
    <subfield code="a">engcai</subfield>
  </datafield>
  <datafield ind1="0" ind2="0" tag="050">
    <subfield code="a">P326</subfield>
    <subfield code="b">.S45 2007</subfield>
  </datafield>
  <datafield ind1="0" ind2="0" tag="082">
    <subfield code="a">413/.028</subfield>
    <subfield code="2">22</subfield>
  </datafield>
  <datafield ind1="0" ind2="0" tag="245">
    <subfield code="a">Selected lexical and grammatical issues in the meaning-text theory :</subfield>
    <subfield code="b">in honour of Igor Mel  &#x266F;uk /</subfield>
    <subfield code="c">edited by Leo Wanner.</subfield>
  </datafield>
  <datafield ind1=" " ind2=" " tag="260">
    <subfield code="a">Amsterdam ;</subfield>
    <subfield code="a">Philadelphia :</subfield>
    <subfield code="b">John Benjamins Pub. Co.,</subfield>
    <subfield code="c">c2007.</subfield>
  </datafield>
  <datafield ind1=" " ind2=" " tag="300">
    <subfield code="a">xviii, 377 p. :</subfield>
    <subfield code="b">ill. ;</subfield>
    <subfield code="c">25 cm.</subfield>
  </datafield>
  <datafield ind1=" " ind2="0" tag="440">
    <subfield code="a">Studies in language companion series,</subfield>
    <subfield code="x">0165-7763 ;</subfield>
    <subfield code="v">v. 84</subfield>
  </datafield>
  <datafield ind1=" " ind2=" " tag="504">
    <subfield code="a">Includes bibliographical references and indexes.</subfield>
  </datafield>
  <datafield ind1="8" ind2=" " tag="505">
    <subfield code="a">What to do with ideophones? A problem in lexical classification from Upper Necaxa Totonac / David Beck -- Lexical function standardness / Alain Polgu&#xA9;&#xB7;re -- Towards the synthesis of support verb constructions / Margarita Alonso Ramos -- Motivation of lexical associations in collocations: the case of intensifiers for "nouns of joy" / Francis Grossmann &amp; Agn&#xA9;&#xB7;s Tutin -- Using explanatory and combinatorial lexicology to describe terms / Marie-Claude L'Homme -- Lexical functions in actual NLP-applications / Jury D. Apresjan, Igor M. Boguslavsky, Leonid L. Iomdin &amp; Leonid L. Tsinman -- Automatic recognition of lexical function instances / Leo Wanner &amp; Bernd Bohnet -- Semantic equivalence rules in MT-paraphrasing / Jasmina Mili&#x266F;evi&#x266F; -- Phrasing it differently / Kim Gerdes &amp; Sylvain Kahane -- A generative approach to parsing in the framework fo the Meaning-Text Theory / Alexis Nasr</subfield>
  </datafield>
  <datafield ind1=" " ind2=" " tag="546">
    <subfield code="a">English with interlinear text in Upper Necaxa Totonac (Totonac, Patla-Chicontla)</subfield>
  </datafield>
  <datafield ind1=" " ind2=" " tag="590">
    <subfield code="a">tot</subfield>
    <subfield code="2">Ethnologue 15 = ISO/DIS 639-3</subfield>
  </datafield>
  <datafield ind1=" " ind2="0" tag="650">
    <subfield code="a">Lexicology.</subfield>
  </datafield>
  <datafield ind1=" " ind2="0" tag="650">
    <subfield code="a">Grammar, Comparative and general.</subfield>
  </datafield>
  <datafield ind1="1" ind2=" " tag="700">
    <subfield code="a">Wanner, Leo.</subfield>
  </datafield>
  <datafield ind1="1" ind2=" " tag="700">
    <subfield code="a">Mel &#xA3;&#x266F;uk, Igor &#xA3; A.</subfield>
    <subfield code="q">(Igor &#xA3; Aleksandrovi&#x266F;),</subfield>
    <subfield code="d">1932-</subfield>
  </datafield>
  <datafield ind1=" " ind2=" " tag="035">
    <subfield code="a">(TxDaGIAL)37741100034837</subfield>
  </datafield>
  <controlfield tag="005">20080624172605.0</controlfield>
  <controlfield tag="001">28099</controlfield>
  <controlfield tag="003">TxDaGIAL</controlfield>
  <datafield ind1=" " ind2=" " tag="852">
    <subfield code="p">37741100034837</subfield>
    <subfield code="a">Library</subfield>
    <subfield code="b">Robert E. Longacre C</subfield>
    <subfield code="9">$0.00</subfield>
    <subfield code="x">FUND:Gift</subfield>
    <subfield code="x">COPYID:35095</subfield>
    <subfield code="x">FSC@aRegular@c20070620</subfield>
    <subfield code="h">413.028 S464w 2007</subfield>
    <subfield code="z">Gift Robert E. Longacre 3-07</subfield>
  </datafield>
</record>