
<?xml version="1.0"?>
<record>
  <leader>03196cam a2200589 a 4500</leader>
  <controlfield tag="008">060516s2006    ne a     b    001 0 eng d</controlfield>
  <datafield ind1=" " ind2=" " tag="010">
    <subfield code="a">  2006296413</subfield>
  </datafield>
  <datafield ind1=" " ind2=" " tag="015">
    <subfield code="a">GBA635308</subfield>
    <subfield code="2">bnb</subfield>
  </datafield>
  <datafield ind1="7" ind2=" " tag="016">
    <subfield code="a">013435422</subfield>
    <subfield code="2">Uk</subfield>
  </datafield>
  <datafield ind1=" " ind2=" " tag="020">
    <subfield code="a">1402041861 (hbk.)</subfield>
  </datafield>
  <datafield ind1=" " ind2=" " tag="020">
    <subfield code="a">140204187X (pbk.)</subfield>
  </datafield>
  <datafield ind1=" " ind2=" " tag="020">
    <subfield code="a">9781402041877 (pbk.)</subfield>
  </datafield>
  <datafield ind1=" " ind2=" " tag="020">
    <subfield code="a">1402041888 (e-book)</subfield>
  </datafield>
  <datafield ind1=" " ind2=" " tag="020">
    <subfield code="a">9781402041860 (hbk.)</subfield>
  </datafield>
  <datafield ind1=" " ind2=" " tag="020">
    <subfield code="a">9781402041884 (e-book)</subfield>
  </datafield>
  <datafield ind1=" " ind2=" " tag="035">
    <subfield code="a">(OCoLC)ocm65166801</subfield>
  </datafield>
  <datafield ind1=" " ind2=" " tag="040">
    <subfield code="a">OHX</subfield>
    <subfield code="c">OHX</subfield>
    <subfield code="d">BAKER</subfield>
    <subfield code="d">UKM</subfield>
    <subfield code="d">DLC</subfield>
    <subfield code="d">TxDaGIAL</subfield>
  </datafield>
  <datafield ind1="0" ind2=" " tag="041">
    <subfield code="a">engmul</subfield>
  </datafield>
  <datafield ind1=" " ind2=" " tag="042">
    <subfield code="a">lccopycat</subfield>
  </datafield>
  <datafield ind1="0" ind2="0" tag="050">
    <subfield code="a">P291.5</subfield>
    <subfield code="b">.E64 2006</subfield>
  </datafield>
  <datafield ind1=" " ind2="7" tag="072">
    <subfield code="a">P</subfield>
    <subfield code="2">lcco</subfield>
  </datafield>
  <datafield ind1="0" ind2="4" tag="082">
    <subfield code="a">415</subfield>
    <subfield code="2">22</subfield>
  </datafield>
  <datafield ind1="0" ind2="0" tag="245">
    <subfield code="a">Ergativity :</subfield>
    <subfield code="b">emerging issues /</subfield>
    <subfield code="c">edited by Alana Johns, Diane Massam and Juvenal Ndayiragije.</subfield>
  </datafield>
  <datafield ind1=" " ind2=" " tag="260">
    <subfield code="a">Dordrecht, Netherlands :</subfield>
    <subfield code="b">Springer,</subfield>
    <subfield code="c">c2006.</subfield>
  </datafield>
  <datafield ind1=" " ind2=" " tag="300">
    <subfield code="a">xi, 368 p. :</subfield>
    <subfield code="b">ill. ;</subfield>
    <subfield code="c">25 cm.</subfield>
  </datafield>
  <datafield ind1=" " ind2="0" tag="440">
    <subfield code="a">Studies in natural language and linguistic theory ;</subfield>
    <subfield code="v">v. 65</subfield>
  </datafield>
  <datafield ind1=" " ind2=" " tag="504">
    <subfield code="a">Includes bibliographical references and index.</subfield>
  </datafield>
  <datafield ind1="8" ind2=" " tag="505">
    <subfield code="a">The locus of ergative case assignment: evidence from scope / Pranav Anand and Andrew Nevins -- Neither absolutive nor ergative is nominative or accusative / Diane Massam -- Eccentric agreement and multiple case checking / Jonathan David Bobaljik and Phil Branigan -- Syntactic ergavity in Tongan / Yuko Otsuka -- A parametric syntax of aspectually conditioned split-ergativity / Hiroyuki Ura -- Split absolutive / Julie Anne Legate -- Deriving split ergativity in the progressive / Itziar Laka -- On 'ergativity' in Halkomelem Salish / Martina Wiltschko -- Tree-geometric relational hierarchies and Nuumiipuut&#xA9;&#x1AF;mt (Nez Perce) case / Andrew Carnie and Phillip Cash Cash -- Antipassive morphology and case assignment in Inuktitut / Bettina Spreng -- The ergativity parameter: a view from antipassive / Juvenal Ndayirague -- Ergativity and change in Inuktitut / Alana Johns -- Ergativity in Austronesian languages / Ileana Paul and Lisa Travis -- The split verb as a source of morphological ergativity / Egor Tsedryk</subfield>
  </datafield>
  <datafield ind1=" " ind2=" " tag="546">
    <subfield code="a">In English with occasional interlinear text in other languages.</subfield>
  </datafield>
  <datafield ind1=" " ind2=" " tag="590">
    <subfield code="a">hin</subfield>
    <subfield code="2">Ethnologue 15 = ISO 639-3</subfield>
  </datafield>
  <datafield ind1=" " ind2=" " tag="590">
    <subfield code="a">niu</subfield>
    <subfield code="2">Ethnologue 15 = ISO 639-3</subfield>
  </datafield>
  <datafield ind1=" " ind2=" " tag="590">
    <subfield code="a">ckt</subfield>
    <subfield code="2">Ethnologue 15 = ISO 639-3</subfield>
  </datafield>
  <datafield ind1=" " ind2=" " tag="590">
    <subfield code="a">ton</subfield>
    <subfield code="2">Ethnologue 15 = ISO 639-3</subfield>
  </datafield>
  <datafield ind1=" " ind2=" " tag="590">
    <subfield code="a">kat</subfield>
    <subfield code="2">Ethnologue 15 = ISO 639-3</subfield>
  </datafield>
  <datafield ind1=" " ind2=" " tag="590">
    <subfield code="a">wbp</subfield>
    <subfield code="2">Ethnologue 15 = ISO 639-3</subfield>
  </datafield>
  <datafield ind1=" " ind2=" " tag="590">
    <subfield code="a">hur</subfield>
    <subfield code="2">Ethnologue 15 = ISO 639-3</subfield>
  </datafield>
  <datafield ind1=" " ind2=" " tag="590">
    <subfield code="a">ike</subfield>
    <subfield code="2">Ethnologue 15 = ISO 639-3</subfield>
  </datafield>
  <datafield ind1=" " ind2=" " tag="590">
    <subfield code="a">ikt</subfield>
    <subfield code="2">Ethnologue 15 = ISO 639-3</subfield>
  </datafield>
  <datafield ind1=" " ind2=" " tag="590">
    <subfield code="a">run</subfield>
    <subfield code="2">Ethnologue 15 = ISO 639-3</subfield>
  </datafield>
  <datafield ind1=" " ind2=" " tag="590">
    <subfield code="a">esk</subfield>
    <subfield code="2">Ethnologue 15 = ISO 639-3</subfield>
  </datafield>
  <datafield ind1=" " ind2=" " tag="590">
    <subfield code="a">pit</subfield>
    <subfield code="2">Ethnologue 15 = ISO 639-3</subfield>
  </datafield>
  <datafield ind1=" " ind2=" " tag="590">
    <subfield code="a">rus</subfield>
    <subfield code="2">Ethnologue 15 = ISO 639-3</subfield>
  </datafield>
  <datafield ind1=" " ind2="0" tag="650">
    <subfield code="a">Grammar, Comparative and general</subfield>
    <subfield code="x">Ergative constructions.</subfield>
  </datafield>
  <datafield ind1="1" ind2=" " tag="700">
    <subfield code="a">Johns, Alana.</subfield>
  </datafield>
  <datafield ind1="1" ind2=" " tag="700">
    <subfield code="a">Massam, Diane.</subfield>
  </datafield>
  <datafield ind1="1" ind2=" " tag="700">
    <subfield code="a">Ndayiragije, Juvenal.</subfield>
  </datafield>
  <datafield ind1="4" ind2="2" tag="856">
    <subfield code="3">Publisher description</subfield>
    <subfield code="u">http://www.loc.gov/catdir/enhancements/fy0663/2006296413-d.html</subfield>
  </datafield>
  <datafield ind1=" " ind2=" " tag="035">
    <subfield code="a">(TxDaGIAL)37741100034826</subfield>
  </datafield>
  <controlfield tag="005">20080624172607.0</controlfield>
  <controlfield tag="001">28103</controlfield>
  <controlfield tag="003">TxDaGIAL</controlfield>
  <datafield ind1=" " ind2=" " tag="852">
    <subfield code="p">37741100034826</subfield>
    <subfield code="a">Library</subfield>
    <subfield code="9">$56.52</subfield>
    <subfield code="x">FUND:Gram</subfield>
    <subfield code="x">COPYID:35102</subfield>
    <subfield code="x">FSC@aRegular@c20070620</subfield>
    <subfield code="h">415 E67j 2006</subfield>
    <subfield code="z">Direct AMZ.3rd 6-07</subfield>
  </datafield>
</record>