
<?xml version="1.0"?>
<record>
  <leader>02588cam a2200541 a 4500</leader>
  <controlfield tag="008">060419s2006    ne ab    b    101 0 eng  </controlfield>
  <datafield ind1=" " ind2=" " tag="010">
    <subfield code="a">  2006040572</subfield>
  </datafield>
  <datafield ind1=" " ind2=" " tag="020">
    <subfield code="a">9789027230874 (hard. : alk. paper)</subfield>
  </datafield>
  <datafield ind1=" " ind2=" " tag="020">
    <subfield code="a">9027230870 (hbk. : alk. paper)</subfield>
  </datafield>
  <datafield ind1=" " ind2=" " tag="035">
    <subfield code="a">(OCoLC)ocm67728337</subfield>
  </datafield>
  <datafield ind1=" " ind2=" " tag="040">
    <subfield code="a">DLC</subfield>
    <subfield code="c">DLC</subfield>
    <subfield code="d">BAKER</subfield>
    <subfield code="d">OHX</subfield>
    <subfield code="d">C#P</subfield>
    <subfield code="d">YDXCP</subfield>
    <subfield code="d">YUS</subfield>
    <subfield code="d">COO</subfield>
    <subfield code="d">DLC</subfield>
    <subfield code="d">TxDaGIAL</subfield>
  </datafield>
  <datafield ind1="0" ind2=" " tag="041">
    <subfield code="a">engmul</subfield>
  </datafield>
  <datafield ind1=" " ind2=" " tag="042">
    <subfield code="a">pcc</subfield>
  </datafield>
  <datafield ind1="0" ind2="0" tag="050">
    <subfield code="a">P240.6</subfield>
    <subfield code="b">.C37 2006</subfield>
  </datafield>
  <datafield ind1="0" ind2="0" tag="082">
    <subfield code="a">415/.5</subfield>
    <subfield code="2">22</subfield>
  </datafield>
  <datafield ind1="0" ind2="0" tag="245">
    <subfield code="a">Case, valency and transitivity /</subfield>
    <subfield code="c">edited by Leonid Kulikov, Andrej Malchukov, Peter de Swart.</subfield>
  </datafield>
  <datafield ind1=" " ind2=" " tag="260">
    <subfield code="a">Amsterdam ;</subfield>
    <subfield code="a">Philadelphia :</subfield>
    <subfield code="b">J. Benjamins Pub. Co.,</subfield>
    <subfield code="c">c2006.</subfield>
  </datafield>
  <datafield ind1=" " ind2=" " tag="300">
    <subfield code="a">xix, 503 p. :</subfield>
    <subfield code="b">ill., maps ;</subfield>
    <subfield code="c">25 cm.</subfield>
  </datafield>
  <datafield ind1=" " ind2="0" tag="440">
    <subfield code="a">Studies in language companion series,</subfield>
    <subfield code="x">0165-7763 ;</subfield>
    <subfield code="v">v. 77</subfield>
  </datafield>
  <datafield ind1=" " ind2=" " tag="500">
    <subfield code="a">"The present selection of papers ... originated from a conference on the similar topic held at the University of Nijmegen in June 2003"--Introd.</subfield>
  </datafield>
  <datafield ind1=" " ind2=" " tag="504">
    <subfield code="a">Includes bibliographical references and indexes.</subfield>
  </datafield>
  <datafield ind1="0" ind2=" " tag="510">
    <subfield code="a">Indexed in MLA</subfield>
  </datafield>
  <datafield ind1=" " ind2=" " tag="546">
    <subfield code="a">In English with frequent interlinear text in various languages, including South Mande languages, Finno-Ugric langauges, Germanic languages, Nakh-Daghestanian languages, Turkish languages, Menominee, Oriya,  Karachay-Balkar, Komi-Zyrian, Koyraboro Senni Songhai, Kaqchikel languages, and Yucatan Maya.</subfield>
  </datafield>
  <datafield ind1=" " ind2=" " tag="590">
    <subfield code="a">git</subfield>
    <subfield code="2">Ethnologue 15 = ISO 639-3</subfield>
  </datafield>
  <datafield ind1=" " ind2=" " tag="590">
    <subfield code="a">ncg</subfield>
    <subfield code="2">Ethnologue 15 = ISO 639-3</subfield>
  </datafield>
  <datafield ind1=" " ind2=" " tag="590">
    <subfield code="a">tsi</subfield>
    <subfield code="2">Ethnologue 15 = ISO 639-3</subfield>
  </datafield>
  <datafield ind1=" " ind2=" " tag="590">
    <subfield code="a">mez</subfield>
    <subfield code="2">Ethnologue 15 = ISO 639-3</subfield>
  </datafield>
  <datafield ind1=" " ind2=" " tag="590">
    <subfield code="a">pot</subfield>
    <subfield code="2">Ethnologue 15 = ISO 639-3</subfield>
  </datafield>
  <datafield ind1=" " ind2=" " tag="590">
    <subfield code="a">ori</subfield>
    <subfield code="2">Ethnologue 15 = ISO 639-3</subfield>
  </datafield>
  <datafield ind1=" " ind2=" " tag="590">
    <subfield code="a">krc</subfield>
    <subfield code="2">Ethnologue 15 = ISO 639-3</subfield>
  </datafield>
  <datafield ind1=" " ind2=" " tag="590">
    <subfield code="a">kjh</subfield>
    <subfield code="2">Ethnologue 15 = ISO 639-3</subfield>
  </datafield>
  <datafield ind1=" " ind2=" " tag="590">
    <subfield code="a">ses</subfield>
    <subfield code="2">Ethnologue 15 = ISO 639-3</subfield>
  </datafield>
  <datafield ind1=" " ind2=" " tag="590">
    <subfield code="a">mhr</subfield>
    <subfield code="2">Ethnologue 15 = ISO 639-3</subfield>
  </datafield>
  <datafield ind1=" " ind2=" " tag="590">
    <subfield code="a">kpv</subfield>
    <subfield code="2">Ethnologue 15 = ISO 639-3</subfield>
  </datafield>
  <datafield ind1=" " ind2=" " tag="590">
    <subfield code="a">yua</subfield>
    <subfield code="2">Ethnologue 15 = ISO 639-3</subfield>
  </datafield>
  <datafield ind1=" " ind2="0" tag="650">
    <subfield code="a">Grammar, Comparative and general</subfield>
    <subfield code="x">Case</subfield>
    <subfield code="v">Congresses.</subfield>
  </datafield>
  <datafield ind1=" " ind2="0" tag="650">
    <subfield code="a">Grammar, Comparative and general</subfield>
    <subfield code="x">Transitivity</subfield>
    <subfield code="v">Congresses.</subfield>
  </datafield>
  <datafield ind1=" " ind2="0" tag="650">
    <subfield code="a">Dependency grammar</subfield>
    <subfield code="v">Congresses.</subfield>
  </datafield>
  <datafield ind1=" " ind2="0" tag="650">
    <subfield code="a">Semantics</subfield>
    <subfield code="v">Congresses.</subfield>
  </datafield>
  <datafield ind1="1" ind2=" " tag="700">
    <subfield code="a">Kulikov, L. I.</subfield>
  </datafield>
  <datafield ind1="1" ind2=" " tag="700">
    <subfield code="a">Mal &#xA3;chukov, A. L.</subfield>
    <subfield code="q">(Andre&#x266F;&#x1AF; L &#xA3;vovich)</subfield>
  </datafield>
  <datafield ind1="1" ind2=" " tag="700">
    <subfield code="a">Swart, Peter de.</subfield>
  </datafield>
  <datafield ind1="4" ind2="1" tag="856">
    <subfield code="3">Table of contents only</subfield>
    <subfield code="u">http://www.loc.gov/catdir/toc/fy0708/2006040572.html</subfield>
  </datafield>
  <datafield ind1=" " ind2=" " tag="035">
    <subfield code="a">(TxDaGIAL)37741100035252</subfield>
  </datafield>
  <controlfield tag="005">20080624172609.0</controlfield>
  <controlfield tag="001">28106</controlfield>
  <controlfield tag="003">TxDaGIAL</controlfield>
  <datafield ind1=" " ind2=" " tag="852">
    <subfield code="p">37741100035252</subfield>
    <subfield code="a">Library</subfield>
    <subfield code="b">Robert E. Longacre C</subfield>
    <subfield code="9">$0.00</subfield>
    <subfield code="x">FUND:Gift</subfield>
    <subfield code="x">COPYID:35105</subfield>
    <subfield code="x">FSC@aRegular@c20080312</subfield>
    <subfield code="h">415.5 C337k 2006</subfield>
    <subfield code="z">Gift Robert E. Lomgacre 1-08</subfield>
  </datafield>
</record>