
<?xml version="1.0"?>
<record>
  <leader>01601cam a2200373 a 4500</leader>
  <controlfield tag="008">040510s2005    maua     b    001 0 eng  </controlfield>
  <datafield ind1=" " ind2=" " tag="010">
    <subfield code="a">  2004010915</subfield>
  </datafield>
  <datafield ind1=" " ind2=" " tag="020">
    <subfield code="a">0631203184 (hardcover : alk. paper)</subfield>
  </datafield>
  <datafield ind1=" " ind2=" " tag="020">
    <subfield code="a">0631203192 (pbk. : alk. paper)</subfield>
  </datafield>
  <datafield ind1="8" ind2=" " tag="024">
    <subfield code="a">9780631203186 (hardcover : alk. paper)</subfield>
  </datafield>
  <datafield ind1="8" ind2=" " tag="024">
    <subfield code="a">9780631203193 (pbk. : alk. paper)</subfield>
  </datafield>
  <datafield ind1=" " ind2=" " tag="040">
    <subfield code="a">DLC</subfield>
    <subfield code="c">DLC</subfield>
    <subfield code="d">DLC</subfield>
    <subfield code="d">TxDaGIAL</subfield>
  </datafield>
  <datafield ind1="0" ind2=" " tag="041">
    <subfield code="a">engnicmul</subfield>
  </datafield>
  <datafield ind1="0" ind2="0" tag="050">
    <subfield code="a">P241</subfield>
    <subfield code="b">.A699 2005</subfield>
  </datafield>
  <datafield ind1="0" ind2="0" tag="082">
    <subfield code="a">415/.9</subfield>
    <subfield code="2">22</subfield>
  </datafield>
  <datafield ind1="1" ind2=" " tag="100">
    <subfield code="a">Aronoff, Mark.</subfield>
  </datafield>
  <datafield ind1="1" ind2="0" tag="245">
    <subfield code="a">What is morphology? /</subfield>
    <subfield code="c">Mark Aronoff and Kirsten Fudeman.</subfield>
  </datafield>
  <datafield ind1=" " ind2=" " tag="260">
    <subfield code="a">Malden, MA :</subfield>
    <subfield code="b">Blackwell Pub.,</subfield>
    <subfield code="c">2005.</subfield>
  </datafield>
  <datafield ind1=" " ind2=" " tag="300">
    <subfield code="a">xvii, 257 p. :</subfield>
    <subfield code="b">ill. ;</subfield>
    <subfield code="c">24 cm.</subfield>
  </datafield>
  <datafield ind1=" " ind2="0" tag="440">
    <subfield code="a">Fundamentals of linguistics ;</subfield>
    <subfield code="v">1</subfield>
  </datafield>
  <datafield ind1=" " ind2=" " tag="504">
    <subfield code="a">Includes bibliographical references (p. [244]-249) and index.</subfield>
  </datafield>
  <datafield ind1=" " ind2=" " tag="546">
    <subfield code="a">In English with frequent parallel text in Kujamaat J&#xA9;&#x111;ola (Jola-Fonyi), a Niger-Congo language of Senegal, and other languages.</subfield>
  </datafield>
  <datafield ind1=" " ind2=" " tag="590">
    <subfield code="a">dyo</subfield>
    <subfield code="2">Ethnologue 15 = ISO/DIS 639-3</subfield>
  </datafield>
  <datafield ind1=" " ind2="0" tag="650">
    <subfield code="a">Grammar, Comparative and general</subfield>
    <subfield code="x">Morphology.</subfield>
  </datafield>
  <datafield ind1=" " ind2="0" tag="650">
    <subfield code="a">Grammar, Comparative and general</subfield>
    <subfield code="x">Morphology</subfield>
    <subfield code="y">Problems, exercises, etc.</subfield>
  </datafield>
  <datafield ind1=" " ind2="0" tag="650">
    <subfield code="a">Atlantic languages</subfield>
    <subfield code="x">Grammar, Comparative</subfield>
    <subfield code="x">Morphology.</subfield>
  </datafield>
  <datafield ind1=" " ind2="0" tag="650">
    <subfield code="a">Atlantic languages</subfield>
    <subfield code="x">Morphology</subfield>
    <subfield code="y">Problems, exercises, etc.</subfield>
  </datafield>
  <datafield ind1=" " ind2="0" tag="651">
    <subfield code="a">Senegal</subfield>
    <subfield code="x">Languages</subfield>
    <subfield code="x">Grammar, Comparative</subfield>
    <subfield code="x">Morphology.</subfield>
  </datafield>
  <datafield ind1="1" ind2=" " tag="700">
    <subfield code="a">Fudeman, Kirsten Anne.</subfield>
  </datafield>
  <datafield ind1=" " ind2=" " tag="035">
    <subfield code="a">(TxDaGIAL)37741100034161</subfield>
  </datafield>
  <controlfield tag="005">20080624172609.0</controlfield>
  <controlfield tag="001">28107</controlfield>
  <controlfield tag="003">TxDaGIAL</controlfield>
  <datafield ind1=" " ind2=" " tag="852">
    <subfield code="p">37741100034161</subfield>
    <subfield code="a">Library</subfield>
    <subfield code="9">$25.31</subfield>
    <subfield code="x">FUND:Gram</subfield>
    <subfield code="x">COPYID:35106</subfield>
    <subfield code="x">FSC@aRegular@c20060907</subfield>
    <subfield code="h">415.9 A769w 2005</subfield>
    <subfield code="z">B/T 8-06</subfield>
  </datafield>
</record>