
<?xml version="1.0"?>
<record>
  <leader>02589cam a2200385 a 4500</leader>
  <controlfield tag="008">070412s2007    enka     b    001 0 eng  </controlfield>
  <datafield ind1=" " ind2=" " tag="015">
    <subfield code="a">GBA730225</subfield>
    <subfield code="2">bnb</subfield>
  </datafield>
  <datafield ind1="7" ind2=" " tag="016">
    <subfield code="a">013730192</subfield>
    <subfield code="2">Uk</subfield>
  </datafield>
  <datafield ind1=" " ind2=" " tag="020">
    <subfield code="a">9780197264102</subfield>
  </datafield>
  <datafield ind1=" " ind2=" " tag="020">
    <subfield code="a">0197264107</subfield>
  </datafield>
  <datafield ind1=" " ind2=" " tag="035">
    <subfield code="a">(OCoLC)ocn123797160</subfield>
  </datafield>
  <datafield ind1=" " ind2=" " tag="040">
    <subfield code="a">UKM</subfield>
    <subfield code="c">UKM</subfield>
    <subfield code="d">BAKER</subfield>
    <subfield code="d">BTCTA</subfield>
    <subfield code="d">YDXCP</subfield>
    <subfield code="d">CUT</subfield>
    <subfield code="d">TxDaGIAL</subfield>
  </datafield>
  <datafield ind1="0" ind2=" " tag="041">
    <subfield code="a">engmul</subfield>
  </datafield>
  <datafield ind1=" " ind2=" " tag="042">
    <subfield code="a">ukblsr</subfield>
  </datafield>
  <datafield ind1="0" ind2="4" tag="082">
    <subfield code="a">415.9</subfield>
    <subfield code="2">22</subfield>
  </datafield>
  <datafield ind1="0" ind2="0" tag="245">
    <subfield code="a">Deponency and morphological mismatches /</subfield>
    <subfield code="c">edited by Matthew Baerman ... [et al.].</subfield>
  </datafield>
  <datafield ind1=" " ind2=" " tag="260">
    <subfield code="a">Oxford :</subfield>
    <subfield code="b">Published for the British Academy by Oxford University Press,</subfield>
    <subfield code="c">c2007.</subfield>
  </datafield>
  <datafield ind1=" " ind2=" " tag="300">
    <subfield code="a">xv, 324 p. :</subfield>
    <subfield code="b">ill. ;</subfield>
    <subfield code="c">25 cm.</subfield>
  </datafield>
  <datafield ind1=" " ind2="0" tag="440">
    <subfield code="a">Proceedings of the British Academy,</subfield>
    <subfield code="x">0068-1202 ;</subfield>
    <subfield code="v">145</subfield>
  </datafield>
  <datafield ind1=" " ind2=" " tag="504">
    <subfield code="a">Includes bibliographical references and index.</subfield>
  </datafield>
  <datafield ind1=" " ind2=" " tag="546">
    <subfield code="a">In English, with frequent interlinear text in various languages, including Greek, Latin, Chukot, the Bantu language family, Spanish, and Iwaidja and Garig-Ilgar (non Pama-Nyungan languages of Australia)</subfield>
  </datafield>
  <datafield ind1="8" ind2=" " tag="505">
    <subfield code="a">Morphological typology of deponency / Matthew Baerman -- Deponency, syncretism, and what lies between / Greville G. Corbett -- Extending deponency: implications for morphological mismatches / Andrew Spencer -- A non-canonical pattern of deponency and its implications / Gregory T. Stump -- Deponency in the diachrony of Greek / Nikolaos Lavidas and Dimitra Papangeli -- Deponency in Latin / Zheng Xu, Mark Aronoff, and Frank Anshen -- Declarative deponency: a network morphology account of morphological mismatches / Andrew Hippisley -- The limits of deponency: a Chukotko-centric perspective / Jonathan David Bobaljik -- Slouching towards deponency: a family of mismatches in the Bantu verb stem -- Jeffrey Good -- Spanish pseudoplurals: phonolgical cues in the acquisition of a syntax-morphology mismatch / Ricard Berm&#xA9;&#xF0;dez-Otero -- Pseudo-argument affixes in Iwaidja and Ilgar: a case of deponent subject and object agreement / Nicholas Evans -- How safe are our analyses? / P. H. Matthews</subfield>
  </datafield>
  <datafield ind1=" " ind2=" " tag="590">
    <subfield code="a">aqc</subfield>
    <subfield code="2">Ethnologue 15 = ISO 639-3</subfield>
  </datafield>
  <datafield ind1=" " ind2=" " tag="590">
    <subfield code="a">ckt</subfield>
    <subfield code="2">Ethnologue 15 = ISO 639-3</subfield>
  </datafield>
  <datafield ind1=" " ind2=" " tag="590">
    <subfield code="a">ibd</subfield>
    <subfield code="2">Ethnologue 15 = ISO 639-3</subfield>
  </datafield>
  <datafield ind1=" " ind2=" " tag="590">
    <subfield code="a">ilg</subfield>
    <subfield code="2">Ethnologue 15 = ISO 639-3</subfield>
  </datafield>
  <datafield ind1=" " ind2="0" tag="650">
    <subfield code="a">Grammar, Comparative and general</subfield>
    <subfield code="x">Morphology.</subfield>
  </datafield>
  <datafield ind1=" " ind2="0" tag="650">
    <subfield code="a">Grammar, Comparative and general</subfield>
    <subfield code="x">Syntax.</subfield>
  </datafield>
  <datafield ind1="1" ind2=" " tag="700">
    <subfield code="a">Baerman, Matthew.</subfield>
  </datafield>
  <datafield ind1="2" ind2=" " tag="710">
    <subfield code="a">British Academy.</subfield>
  </datafield>
  <datafield ind1=" " ind2=" " tag="035">
    <subfield code="a">(TxDaGIAL)37741100035234</subfield>
  </datafield>
  <controlfield tag="005">20080624172609.0</controlfield>
  <controlfield tag="001">28108</controlfield>
  <controlfield tag="003">TxDaGIAL</controlfield>
  <datafield ind1=" " ind2=" " tag="852">
    <subfield code="p">37741100035234</subfield>
    <subfield code="a">Library</subfield>
    <subfield code="9">$53.61</subfield>
    <subfield code="x">FUND:Gram</subfield>
    <subfield code="x">COPYID:35107</subfield>
    <subfield code="x">FSC@aRegular@c20080219</subfield>
    <subfield code="h">415.9 D422b 2007</subfield>
    <subfield code="z">Direct Amazon.com 1-08</subfield>
  </datafield>
</record>