
<?xml version="1.0"?>
<record>
  <leader>05089cam a2200757 a 4500</leader>
  <controlfield tag="008">070409s2007    inua     b    000 0 eng  </controlfield>
  <datafield ind1=" " ind2=" " tag="010">
    <subfield code="a">  2007015036</subfield>
  </datafield>
  <datafield ind1=" " ind2=" " tag="020">
    <subfield code="a">9781575061108 (vol. 1; hbk. : alk. paper)</subfield>
  </datafield>
  <datafield ind1=" " ind2=" " tag="020">
    <subfield code="a">1575061104 (vol. 1 ; hbk. : alk. paper)</subfield>
  </datafield>
  <datafield ind1=" " ind2=" " tag="020">
    <subfield code="a">9781575061115 (vol. 2 ; hbk. : alk. paper)</subfield>
  </datafield>
  <datafield ind1=" " ind2=" " tag="020">
    <subfield code="a">1575061112 (vol. 2 ; hbk. : alk. paper)</subfield>
  </datafield>
  <datafield ind1=" " ind2=" " tag="020">
    <subfield code="a">9781575061092 (set, both vols. ; hardback : alk. paper)</subfield>
  </datafield>
  <datafield ind1=" " ind2=" " tag="020">
    <subfield code="a">1575061090 (set, both vols. ; hardback : alk. paper)</subfield>
  </datafield>
  <datafield ind1=" " ind2=" " tag="035">
    <subfield code="a">(OCoLC)ocn123349784</subfield>
  </datafield>
  <datafield ind1=" " ind2=" " tag="035">
    <subfield code="a">(OCoLC)123349784</subfield>
  </datafield>
  <datafield ind1=" " ind2=" " tag="040">
    <subfield code="a">DLC</subfield>
    <subfield code="c">DLC</subfield>
    <subfield code="d">BTCTA</subfield>
    <subfield code="d">C#P</subfield>
    <subfield code="d">YDXCP</subfield>
    <subfield code="d">DLC</subfield>
    <subfield code="d">TxDaGIAL</subfield>
  </datafield>
  <datafield ind1="0" ind2=" " tag="041">
    <subfield code="a">engmul</subfield>
  </datafield>
  <datafield ind1=" " ind2=" " tag="043">
    <subfield code="a">a------</subfield>
    <subfield code="a">f------</subfield>
  </datafield>
  <datafield ind1="0" ind2="0" tag="050">
    <subfield code="a">P381.A75</subfield>
    <subfield code="b">M67 2007</subfield>
  </datafield>
  <datafield ind1="0" ind2="0" tag="082">
    <subfield code="a">409.5</subfield>
    <subfield code="2">22</subfield>
  </datafield>
  <datafield ind1="0" ind2="4" tag="082">
    <subfield code="a">415.9</subfield>
    <subfield code="2">22</subfield>
  </datafield>
  <datafield ind1="0" ind2="0" tag="245">
    <subfield code="a">Morphologies of Asia and Africa /</subfield>
    <subfield code="c">edited by Alan S. Kaye.</subfield>
  </datafield>
  <datafield ind1=" " ind2=" " tag="260">
    <subfield code="a">Winona Lake, Ind. :</subfield>
    <subfield code="b">Eisenbrauns,</subfield>
    <subfield code="c">2007.</subfield>
  </datafield>
  <datafield ind1=" " ind2=" " tag="300">
    <subfield code="a">2 v. :</subfield>
    <subfield code="b">ill. ;</subfield>
    <subfield code="c">24 cm.</subfield>
  </datafield>
  <datafield ind1=" " ind2=" " tag="504">
    <subfield code="a">Includes bibliographical references.</subfield>
  </datafield>
  <datafield ind1="8" ind2=" " tag="505">
    <subfield code="a">Volume 1. Akkadian morphology / I. M. Diakonoff and L. E. Kogan -- Ugaritic morphology / Dennis Pardee -- Phoenician and Punic morphology / Stanislav Segert -- Ancient Hebrew morphology / Gary A. Rendsburg -- The morphology of Babylonian Jewish Aramaic / Geoffrey Khan - Old Aramaic morphology / Stanislav Segert -- Syriac morphology / T. Muraoka -- Mandaic / Rainer Voigt -- Epigraphic South Arabian morphology / L. E. Kogan and A. V. Korotayev -- Classical Ethiopic (Ge'ez) / Rainer Voigt -- Arabic morphology / Alan S. Kaye -- Moroccan Arabic morphology / Jeffrey Heath -- Maltese morphology / Robert D. Hoberman -- Israeli Hebrew morphology / Shmuel Bolozky -- The morphology of Neo-Aramaic / Geoffrey Khan -- Amharic / Wolf Leslau -- Tigrinya morphology / L. E. Kogan -- Chaha (Gurage) morphology / Sharon Rose -- Berber morphology / Maarten Kossmann -- Beja morphology / David L. Appleyard -- Bilin morphology -- David L. Appleyard -- Gawwada morphology / Mauro Tosco -- Highland East Cushitic morphology / Grover Hudson -- Somali morphology / John I. Saeed -- Bade morphology / Russell G. Schuh -- Glavda morphology / Bello Buba and Jonathan Owens -- Hausa / Paul Newman -- Mokilko morphology / Herrmann Jungraithmayr -- Topics in Omotic morphology / M. Lionel Bender -- Volume 2. Hittite morphology / H. Craig Melchert -- Sanskrit morphology / George Cardona -- Gujarati morphology / P. J. Mistry -- Avestan and Old Persian morphology / Prods Oktor Skj&#xA9;&#x152;rv&#xA9;&#x131; -- Pahlavi morphology / Dieter Weber -- Persian morphology / John R. Perry -- Kurdish morphology / Ernest M. McCarus -- Classical Armenian morphology / Jared Klein -- Kanuri morphology / Norbert Cyffer -- Swahili morphology / Ellen Contini-Morava -- Turkish morphology / Bernard Comrie -- Chechen morphology (with notes on Ingush) / Johanna Nichols -- Tsez (Dido) morphology / Bernard Comrie -- Indonesian morphology / Franz Mueller -- Burushaski morphology / Gregory D. S. Anderson -- Ket morphology / Edward J. Vajda -- Sumerian morphology / Gonzalo Rubio</subfield>
  </datafield>
  <datafield ind1=" " ind2=" " tag="546">
    <subfield code="a">In English with frequent parallel text in various languages of Asia and Africa.</subfield>
  </datafield>
  <datafield ind1=" " ind2=" " tag="590">
    <subfield code="a">arb</subfield>
    <subfield code="2">Ethnologue 15 = ISO 639-3</subfield>
  </datafield>
  <datafield ind1=" " ind2=" " tag="590">
    <subfield code="a">ary</subfield>
    <subfield code="2">Ethnologue 15 = ISO 639-3</subfield>
  </datafield>
  <datafield ind1=" " ind2=" " tag="590">
    <subfield code="a">mlt</subfield>
    <subfield code="2">Ethnologue 15 = ISO 639-3</subfield>
  </datafield>
  <datafield ind1=" " ind2=" " tag="590">
    <subfield code="a">heb</subfield>
    <subfield code="2">Ethnologue 15 = ISO 639-3</subfield>
  </datafield>
  <datafield ind1=" " ind2=" " tag="590">
    <subfield code="a">aii</subfield>
    <subfield code="2">Ethnologue 15 = ISO 639-3</subfield>
  </datafield>
  <datafield ind1=" " ind2=" " tag="590">
    <subfield code="a">aij</subfield>
    <subfield code="2">Ethnologue 15 = ISO 639-3</subfield>
  </datafield>
  <datafield ind1=" " ind2=" " tag="590">
    <subfield code="a">amh</subfield>
    <subfield code="2">Ethnologue 15 = ISO 639-3</subfield>
  </datafield>
  <datafield ind1=" " ind2=" " tag="590">
    <subfield code="a">tir</subfield>
    <subfield code="2">Ethnologue 15 = ISO 639-3</subfield>
  </datafield>
  <datafield ind1=" " ind2=" " tag="590">
    <subfield code="a">sgw</subfield>
    <subfield code="2">Ethnologue 15 = ISO 639-3</subfield>
  </datafield>
  <datafield ind1=" " ind2=" " tag="590">
    <subfield code="a">bej</subfield>
    <subfield code="2">Ethnologue 15 = ISO 639-3</subfield>
  </datafield>
  <datafield ind1=" " ind2=" " tag="590">
    <subfield code="a">byn</subfield>
    <subfield code="2">Ethnologue 15 = ISO 639-3</subfield>
  </datafield>
  <datafield ind1=" " ind2=" " tag="590">
    <subfield code="a">gwd</subfield>
    <subfield code="2">Ethnologue 15 = ISO 639-3</subfield>
  </datafield>
  <datafield ind1=" " ind2=" " tag="590">
    <subfield code="a">som</subfield>
    <subfield code="2">Ethnologue 15 = ISO 639-3</subfield>
  </datafield>
  <datafield ind1=" " ind2=" " tag="590">
    <subfield code="a">bde</subfield>
    <subfield code="2">Ethnologue 15 = ISO 639-3</subfield>
  </datafield>
  <datafield ind1=" " ind2=" " tag="590">
    <subfield code="a">glw</subfield>
    <subfield code="2">Ethnologue 15 = ISO 639-3</subfield>
  </datafield>
  <datafield ind1=" " ind2=" " tag="590">
    <subfield code="a">hau</subfield>
    <subfield code="2">Ethnologue 15 = ISO 639-3</subfield>
  </datafield>
  <datafield ind1=" " ind2=" " tag="590">
    <subfield code="a">moz</subfield>
    <subfield code="2">Ethnologue 15 = ISO 639-3</subfield>
  </datafield>
  <datafield ind1=" " ind2=" " tag="590">
    <subfield code="a">guj</subfield>
    <subfield code="2">Ethnologue 15 = ISO 639-3</subfield>
  </datafield>
  <datafield ind1=" " ind2=" " tag="590">
    <subfield code="a">pes</subfield>
    <subfield code="2">Ethnologue 15 = ISO 639-3</subfield>
  </datafield>
  <datafield ind1=" " ind2=" " tag="590">
    <subfield code="a">ckb</subfield>
    <subfield code="2">Ethnologue 15 = ISO 639-3</subfield>
  </datafield>
  <datafield ind1=" " ind2=" " tag="590">
    <subfield code="a">knc</subfield>
    <subfield code="2">Ethnologue 15 = ISO 639-3</subfield>
  </datafield>
  <datafield ind1=" " ind2=" " tag="590">
    <subfield code="a">swh</subfield>
    <subfield code="2">Ethnologue 15 = ISO 639-3</subfield>
  </datafield>
  <datafield ind1=" " ind2=" " tag="590">
    <subfield code="a">tur</subfield>
    <subfield code="2">Ethnologue 15 = ISO 639-3</subfield>
  </datafield>
  <datafield ind1=" " ind2=" " tag="590">
    <subfield code="a">che</subfield>
    <subfield code="2">Ethnologue 15 = ISO 639-3</subfield>
  </datafield>
  <datafield ind1=" " ind2=" " tag="590">
    <subfield code="a">inh</subfield>
    <subfield code="2">Ethnologue 15 = ISO 639-3</subfield>
  </datafield>
  <datafield ind1=" " ind2=" " tag="590">
    <subfield code="a">ddo</subfield>
    <subfield code="2">Ethnologue 15 = ISO 639-3</subfield>
  </datafield>
  <datafield ind1=" " ind2=" " tag="590">
    <subfield code="a">ind</subfield>
    <subfield code="2">Ethnologue 15 = ISO 639-3</subfield>
  </datafield>
  <datafield ind1=" " ind2=" " tag="590">
    <subfield code="a">bsk</subfield>
    <subfield code="2">Ethnologue 15 = ISO 639-3</subfield>
  </datafield>
  <datafield ind1=" " ind2=" " tag="590">
    <subfield code="a">ket</subfield>
    <subfield code="2">Ethnologue 15 = ISO 639-3</subfield>
  </datafield>
  <datafield ind1=" " ind2="0" tag="651">
    <subfield code="a">Asia</subfield>
    <subfield code="x">Languages</subfield>
    <subfield code="x">Morphology.</subfield>
  </datafield>
  <datafield ind1=" " ind2="0" tag="651">
    <subfield code="a">Africa</subfield>
    <subfield code="x">Languages</subfield>
    <subfield code="x">Morphology.</subfield>
  </datafield>
  <datafield ind1="1" ind2=" " tag="700">
    <subfield code="a">Kaye, Alan S.</subfield>
  </datafield>
  <datafield ind1="4" ind2="1" tag="856">
    <subfield code="3">Table of contents only</subfield>
    <subfield code="u">http://www.loc.gov/catdir/toc/ecip0716/2007015036.html</subfield>
  </datafield>
  <datafield ind1=" " ind2=" " tag="035">
    <subfield code="a">(TxDaGIAL)37741100035029</subfield>
  </datafield>
  <controlfield tag="005">20080624172610.0</controlfield>
  <controlfield tag="001">28109</controlfield>
  <controlfield tag="003">TxDaGIAL</controlfield>
  <datafield ind1=" " ind2=" " tag="852">
    <subfield code="p">37741100035029</subfield>
    <subfield code="a">Library</subfield>
    <subfield code="9">$79.50</subfield>
    <subfield code="x">FUND:Ling</subfield>
    <subfield code="x">COPYID:35108</subfield>
    <subfield code="x">FSC@aRegular@c20070926</subfield>
    <subfield code="h">415.9 M871k vol.1 2007</subfield>
    <subfield code="z">Direct Esenbrauns 8-07</subfield>
  </datafield>
  <datafield ind1=" " ind2=" " tag="852">
    <subfield code="p">37741100035030</subfield>
    <subfield code="a">Library</subfield>
    <subfield code="9">$79.50</subfield>
    <subfield code="x">FUND:Ling</subfield>
    <subfield code="x">COPYID:35109</subfield>
    <subfield code="x">FSC@aRegular@c20070926</subfield>
    <subfield code="h">415.9 M871k vol.2 2007</subfield>
    <subfield code="z">Direct Esenbrauns 8-07</subfield>
  </datafield>
</record>