
<?xml version="1.0"?>
<record>
  <leader>01922cam a2200373 a 4500</leader>
  <controlfield tag="008">040726s2005    txuab    b    000 0 eng  </controlfield>
  <datafield ind1=" " ind2=" " tag="010">
    <subfield code="a">  2004110936</subfield>
  </datafield>
  <datafield ind1=" " ind2=" " tag="020">
    <subfield code="a">1556711565 (alk. paper)</subfield>
  </datafield>
  <datafield ind1=" " ind2=" " tag="040">
    <subfield code="a">DLC</subfield>
    <subfield code="c">DLC</subfield>
    <subfield code="d">DLC</subfield>
    <subfield code="d">TxDaGIAL</subfield>
  </datafield>
  <datafield ind1="1" ind2=" " tag="041">
    <subfield code="a">engtpimap</subfield>
  </datafield>
  <datafield ind1="0" ind2="0" tag="050">
    <subfield code="a">P40.5.L382</subfield>
    <subfield code="b">N495 2005</subfield>
  </datafield>
  <datafield ind1="0" ind2="4" tag="082">
    <subfield code="a">417.7</subfield>
    <subfield code="2">22</subfield>
  </datafield>
  <datafield ind1="1" ind2=" " tag="100">
    <subfield code="a">Jenkins, Rebecca Sue.</subfield>
  </datafield>
  <datafield ind1="1" ind2="0" tag="245">
    <subfield code="a">Language contact and composite structures in New Ireland /</subfield>
    <subfield code="c">Rebecca Sue Jenkins.</subfield>
  </datafield>
  <datafield ind1=" " ind2=" " tag="260">
    <subfield code="a">Dallas, TX :</subfield>
    <subfield code="b">SIL International,</subfield>
    <subfield code="c">c2005.</subfield>
  </datafield>
  <datafield ind1=" " ind2=" " tag="300">
    <subfield code="a">xxi, 253 p. :</subfield>
    <subfield code="b">ill., maps ;</subfield>
    <subfield code="c">23 cm.</subfield>
  </datafield>
  <datafield ind1=" " ind2="0" tag="440">
    <subfield code="a">Publications in language use and education ;</subfield>
    <subfield code="v">4</subfield>
  </datafield>
  <datafield ind1=" " ind2=" " tag="500">
    <subfield code="a">Originally presented as the author's thesis (Ph.D.)--University of South Carolina, 2000.</subfield>
  </datafield>
  <datafield ind1=" " ind2=" " tag="504">
    <subfield code="a">Includes bibliographical references (p. 231-253)</subfield>
  </datafield>
  <datafield ind1=" " ind2=" " tag="546">
    <subfield code="a">Primarily focuses on Tigak and Tok Pisin languages; Appendix I Iists shared lexical items for Palauan, Motu, Dobu, Tolai, Tungag and Tigak; Appendix II is a comparison of Austronesian grammatical structures in Kara, Nalik, Tigak, Tok Pisin, Tolai, and Tungag.</subfield>
  </datafield>
  <datafield ind1=" " ind2=" " tag="590">
    <subfield code="a">tgc</subfield>
    <subfield code="2">Ethnologue 15: ISO/DIS 639-3</subfield>
  </datafield>
  <datafield ind1=" " ind2=" " tag="590">
    <subfield code="a">tpi</subfield>
    <subfield code="2">Ethnologue 15: ISO/DIS 639-3</subfield>
  </datafield>
  <datafield ind1=" " ind2="0" tag="650">
    <subfield code="a">Languages in contact</subfield>
    <subfield code="z">Papua New Guinea</subfield>
    <subfield code="z">New Ireland Province.</subfield>
  </datafield>
  <datafield ind1=" " ind2="0" tag="650">
    <subfield code="a">Tigak language</subfield>
    <subfield code="x">Grammar, Comparative</subfield>
    <subfield code="x">Tok Pisin.</subfield>
  </datafield>
  <datafield ind1=" " ind2="0" tag="650">
    <subfield code="a">Tok Pisin language</subfield>
    <subfield code="x">Grammar, Comparative</subfield>
    <subfield code="x">Tigak.</subfield>
  </datafield>
  <datafield ind1=" " ind2="0" tag="650">
    <subfield code="a">Code switching (Linguistics)</subfield>
    <subfield code="z">Papua New Guinea</subfield>
    <subfield code="z">New Ireland Province.</subfield>
  </datafield>
  <datafield ind1=" " ind2="0" tag="650">
    <subfield code="a">Language attrition</subfield>
    <subfield code="z">Papua New Guinea</subfield>
    <subfield code="z">New Ireland Province.</subfield>
  </datafield>
  <datafield ind1=" " ind2="0" tag="650">
    <subfield code="a">Creole dialects</subfield>
    <subfield code="z">Papua New Guinea</subfield>
    <subfield code="z">New Ireland Province.</subfield>
  </datafield>
  <datafield ind1=" " ind2="0" tag="651">
    <subfield code="a">New Ireland Province (Papua New Guinea)</subfield>
    <subfield code="x">Languages</subfield>
    <subfield code="x">Grammar.</subfield>
  </datafield>
  <datafield ind1=" " ind2=" " tag="035">
    <subfield code="a">(TxDaGIAL)37741100029353</subfield>
  </datafield>
  <controlfield tag="005">20080624172610.0</controlfield>
  <controlfield tag="001">28110</controlfield>
  <controlfield tag="003">TxDaGIAL</controlfield>
  <datafield ind1=" " ind2=" " tag="852">
    <subfield code="p">37741100029353</subfield>
    <subfield code="a">Library</subfield>
    <subfield code="9">$0.00</subfield>
    <subfield code="x">FUND:Gift</subfield>
    <subfield code="x">COPYID:35110</subfield>
    <subfield code="x">FSC@aRegular@c20060127</subfield>
    <subfield code="h">417.7 J52L 2005</subfield>
    <subfield code="z">Gift SIL-International Academic Bookstore 3-05</subfield>
  </datafield>
</record>