
<?xml version="1.0"?>
<record>
  <leader>01863cam a2200373 a 4500</leader>
  <controlfield tag="008">030210s2003    ne ab    b    101 0 eng  </controlfield>
  <datafield ind1=" " ind2=" " tag="010">
    <subfield code="a">  2003041787</subfield>
  </datafield>
  <datafield ind1=" " ind2=" " tag="020">
    <subfield code="a">1588113825 (acid-free paper)</subfield>
  </datafield>
  <datafield ind1=" " ind2=" " tag="020">
    <subfield code="a">9027247528 (Eur.)</subfield>
  </datafield>
  <datafield ind1=" " ind2=" " tag="040">
    <subfield code="a">DLC</subfield>
    <subfield code="c">DLC</subfield>
    <subfield code="d">DLC</subfield>
    <subfield code="d">TxDaGIAL</subfield>
  </datafield>
  <datafield ind1="0" ind2=" " tag="041">
    <subfield code="a">engmul</subfield>
  </datafield>
  <datafield ind1="0" ind2="0" tag="050">
    <subfield code="a">P40.5.L33</subfield>
    <subfield code="b">L34 2003</subfield>
  </datafield>
  <datafield ind1="0" ind2="0" tag="082">
    <subfield code="a">417/.7</subfield>
    <subfield code="2">21</subfield>
  </datafield>
  <datafield ind1="0" ind2="0" tag="245">
    <subfield code="a">Language death and language maintenance :</subfield>
    <subfield code="b">theoretical, practical, and descriptive approaches /</subfield>
    <subfield code="c">edited by Mark Janse, Sijmen Tol.</subfield>
  </datafield>
  <datafield ind1=" " ind2=" " tag="260">
    <subfield code="a">Amsterdam ;</subfield>
    <subfield code="a">Philadelphia :</subfield>
    <subfield code="b">John Benjamins Pub.,</subfield>
    <subfield code="c">c2003.</subfield>
  </datafield>
  <datafield ind1=" " ind2=" " tag="300">
    <subfield code="a">xvii, 244 p. :</subfield>
    <subfield code="b">ill., maps ;</subfield>
    <subfield code="c">23 cm.</subfield>
  </datafield>
  <datafield ind1=" " ind2="0" tag="440">
    <subfield code="a">Amsterdam studies in the theory and history of linguistic science.</subfield>
    <subfield code="n">Series IV,</subfield>
    <subfield code="p">Current issues in linguistic theory ;</subfield>
    <subfield code="v">v. 240</subfield>
  </datafield>
  <datafield ind1=" " ind2=" " tag="500">
    <subfield code="a">"The present collection of papers derives from a symposium "Linguistic Bibliography and the Languages of the World", held on November 2-3, 2000 at the National Library of the Netherlands (Koninklijke Bibliotheek) ..."--Preface.</subfield>
  </datafield>
  <datafield ind1=" " ind2=" " tag="504">
    <subfield code="a">Includes bibliographical references and indexes.</subfield>
  </datafield>
  <datafield ind1="0" ind2=" " tag="510">
    <subfield code="a">Indexed in MLA International Bibliography</subfield>
  </datafield>
  <datafield ind1=" " ind2=" " tag="546">
    <subfield code="a">In English, with occasional terms and text in other languages, including Birale of Ethiopia.</subfield>
  </datafield>
  <datafield ind1=" " ind2=" " tag="590">
    <subfield code="a">bxe</subfield>
    <subfield code="2">Ethnologue 15 = ISO 639-3</subfield>
  </datafield>
  <datafield ind1=" " ind2="0" tag="650">
    <subfield code="a">Language obsolescence</subfield>
    <subfield code="v">Congresses.</subfield>
  </datafield>
  <datafield ind1=" " ind2="0" tag="650">
    <subfield code="a">Language attrition</subfield>
    <subfield code="v">Congresses.</subfield>
  </datafield>
  <datafield ind1=" " ind2="0" tag="650">
    <subfield code="a">Language maintenance</subfield>
    <subfield code="v">Congresses.</subfield>
  </datafield>
  <datafield ind1=" " ind2="0" tag="650">
    <subfield code="a">Endangered languages.</subfield>
  </datafield>
  <datafield ind1="1" ind2=" " tag="700">
    <subfield code="a">Janse, Mark,</subfield>
    <subfield code="d">1959-</subfield>
  </datafield>
  <datafield ind1="1" ind2=" " tag="700">
    <subfield code="a">Tol, Sijmen.</subfield>
  </datafield>
  <datafield ind1="2" ind2=" " tag="711">
    <subfield code="a">Linguistic Bibliography and the Languages of the World</subfield>
    <subfield code="d">(2000 :</subfield>
    <subfield code="c">Hague, Netherlands)</subfield>
  </datafield>
  <datafield ind1=" " ind2=" " tag="035">
    <subfield code="a">(TxDaGIAL)37741100035151</subfield>
  </datafield>
  <controlfield tag="005">20080624172610.0</controlfield>
  <controlfield tag="001">28111</controlfield>
  <controlfield tag="003">TxDaGIAL</controlfield>
  <datafield ind1=" " ind2=" " tag="852">
    <subfield code="p">37741100035151</subfield>
    <subfield code="a">Library</subfield>
    <subfield code="9">$81.95</subfield>
    <subfield code="x">FUND:LD-Sociol</subfield>
    <subfield code="x">COPYID:35111</subfield>
    <subfield code="x">FSC@aRegular@c20071207</subfield>
    <subfield code="h">417.7 L287j 2003</subfield>
    <subfield code="z">Direct Barnes &amp; Noble 11-07</subfield>
  </datafield>
</record>