
<?xml version="1.0"?>
<record>
  <leader>01034cam a2200289 a 4500</leader>
  <controlfield tag="008">970929s1992    sp a     b    000 0 spa  </controlfield>
  <datafield ind1=" " ind2=" " tag="010">
    <subfield code="a">   97200831</subfield>
  </datafield>
  <datafield ind1=" " ind2=" " tag="020">
    <subfield code="a">8460420477</subfield>
  </datafield>
  <datafield ind1=" " ind2=" " tag="035">
    <subfield code="a">(DLC)2609217</subfield>
  </datafield>
  <datafield ind1=" " ind2=" " tag="040">
    <subfield code="a">DLC</subfield>
    <subfield code="c">DLC</subfield>
    <subfield code="d">TxDaGIAL</subfield>
  </datafield>
  <datafield ind1=" " ind2=" " tag="043">
    <subfield code="a">e-sp---</subfield>
  </datafield>
  <datafield ind1="0" ind2="0" tag="050">
    <subfield code="a">HV2474</subfield>
    <subfield code="b">.R63 1992</subfield>
  </datafield>
  <datafield ind1="0" ind2="4" tag="082">
    <subfield code="a">419.46/05</subfield>
    <subfield code="2">22</subfield>
  </datafield>
  <datafield ind1="1" ind2=" " tag="100">
    <subfield code="a">Rodr&#xA9;&#x1AF;guez Gonz&#xA9;&#x141;lez, Mar&#xA9;&#x1AF;a Angeles.</subfield>
  </datafield>
  <datafield ind1="1" ind2="0" tag="245">
    <subfield code="a">Lenguaje de signos /</subfield>
    <subfield code="c">Mar&#xA9;&#x1AF;a Angeles Rodr&#xA9;&#x1AF;guez Gonz&#xA9;&#x141;lez.</subfield>
  </datafield>
  <datafield ind1=" " ind2=" " tag="260">
    <subfield code="a">Madrid :</subfield>
    <subfield code="b">Confederaci&#xA9;&#x111;n Nacional de Sordos de Espa&#xA9;&#x142;a :</subfield>
    <subfield code="b">Fundaci&#xA9;&#x111;n Once,</subfield>
    <subfield code="c">c1992.</subfield>
  </datafield>
  <datafield ind1=" " ind2=" " tag="300">
    <subfield code="a">407 p. :</subfield>
    <subfield code="b">ill. ;</subfield>
    <subfield code="c">22 cm.</subfield>
  </datafield>
  <datafield ind1=" " ind2=" " tag="504">
    <subfield code="a">Includes bibliographical references (p. 363-407)</subfield>
  </datafield>
  <datafield ind1=" " ind2=" " tag="590">
    <subfield code="a">ssp</subfield>
    <subfield code="2">Ethnologue 15 = ISO/DIS 639-3</subfield>
  </datafield>
  <datafield ind1=" " ind2=" " tag="546">
    <subfield code="a">In Spanish.</subfield>
  </datafield>
  <datafield ind1=" " ind2="0" tag="650">
    <subfield code="a">Spanish Sign Language.</subfield>
  </datafield>
  <datafield ind1=" " ind2="0" tag="650">
    <subfield code="a">Sign language</subfield>
    <subfield code="z">Spain.</subfield>
  </datafield>
  <datafield ind1=" " ind2=" " tag="035">
    <subfield code="a">(TxDaGIAL)37741100029385</subfield>
  </datafield>
  <controlfield tag="005">20080624172610.0</controlfield>
  <controlfield tag="001">28112</controlfield>
  <controlfield tag="003">TxDaGIAL</controlfield>
  <datafield ind1=" " ind2=" " tag="852">
    <subfield code="p">37741100029385</subfield>
    <subfield code="a">Library</subfield>
    <subfield code="9">$0.00</subfield>
    <subfield code="x">FUND:Gift</subfield>
    <subfield code="x">COPYID:35112</subfield>
    <subfield code="x">FSC@aRegular@c20060131</subfield>
    <subfield code="h">419.4605 R696L 1992</subfield>
    <subfield code="z">Gift Don and Nadine Burns 9-05</subfield>
  </datafield>
</record>