
<?xml version="1.0"?>
<record>
  <leader>01481cam a2200325 a 4500</leader>
  <controlfield tag="008">010209s2000    gw ab    b    001 0 eng d</controlfield>
  <datafield ind1=" " ind2=" " tag="020">
    <subfield code="a">3927731749</subfield>
  </datafield>
  <datafield ind1=" " ind2=" " tag="020">
    <subfield code="a">3927731706 (pbk)</subfield>
  </datafield>
  <datafield ind1=" " ind2=" " tag="035">
    <subfield code="a">(OCoLC)ocm45897973</subfield>
  </datafield>
  <datafield ind1=" " ind2=" " tag="040">
    <subfield code="a">OHX</subfield>
    <subfield code="b">ger</subfield>
    <subfield code="c">OHX</subfield>
    <subfield code="d">MIA</subfield>
    <subfield code="d">CGU</subfield>
    <subfield code="d">CUT</subfield>
    <subfield code="d">TxDaGIAL</subfield>
  </datafield>
  <datafield ind1="0" ind2="4" tag="082">
    <subfield code="a">419</subfield>
  </datafield>
  <datafield ind1="0" ind2="4" tag="082">
    <subfield code="a">419/.66</subfield>
  </datafield>
  <datafield ind1="1" ind2=" " tag="100">
    <subfield code="a">Schmaling, Constanze.</subfield>
  </datafield>
  <datafield ind1="1" ind2="0" tag="245">
    <subfield code="a">Maganar hannu, language of the hands :</subfield>
    <subfield code="b">a descriptive analysis of Hausa sign language /</subfield>
    <subfield code="c">Constanze Schmaling.</subfield>
  </datafield>
  <datafield ind1=" " ind2=" " tag="260">
    <subfield code="a">Hamburg :</subfield>
    <subfield code="b">Signum,</subfield>
    <subfield code="c">c2000.</subfield>
  </datafield>
  <datafield ind1=" " ind2=" " tag="300">
    <subfield code="a">xx, 295 p. :</subfield>
    <subfield code="b">ill., maps ;</subfield>
    <subfield code="c">24 cm.</subfield>
  </datafield>
  <datafield ind1="1" ind2=" " tag="490">
    <subfield code="a">International studies on sign language and communication of the deaf ;</subfield>
    <subfield code="v">v. 35</subfield>
  </datafield>
  <datafield ind1=" " ind2=" " tag="504">
    <subfield code="a">Includes bibliographical references (p. 259-272) and indexes.</subfield>
  </datafield>
  <datafield ind1=" " ind2=" " tag="590">
    <subfield code="a">hsl</subfield>
    <subfield code="2">Ethnologue 15 =ISO 639-3</subfield>
  </datafield>
  <datafield ind1=" " ind2=" " tag="546">
    <subfield code="a">In English with frequent terms in Hausa and Hausa Sign Language, using a modified version of the Hamburg Notation System.</subfield>
  </datafield>
  <datafield ind1=" " ind2=" " tag="500">
    <subfield code="a">"This book is a revised version of my1997 PhD dissertation [Universit&#xA9;&#xDE;t Hamburg]" -- p. xx.</subfield>
  </datafield>
  <datafield ind1=" " ind2="0" tag="650">
    <subfield code="a">Hausa Sign Language.</subfield>
  </datafield>
  <datafield ind1=" " ind2="0" tag="650">
    <subfield code="a">Sign language.</subfield>
  </datafield>
  <datafield ind1=" " ind2="0" tag="650">
    <subfield code="a">Deaf</subfield>
    <subfield code="x">Means of communication</subfield>
    <subfield code="z">Nigeria</subfield>
    <subfield code="z">Kano State.</subfield>
  </datafield>
  <datafield ind1=" " ind2="0" tag="830">
    <subfield code="a">Internationale Arbeiten zur Geb&#xA9;&#xDE;rdensprache und Kommunikation Geh&#xA9;&#x153;rloser ;</subfield>
    <subfield code="v">v. 35.</subfield>
  </datafield>
  <datafield ind1=" " ind2=" " tag="035">
    <subfield code="a">(TxDaGIAL)37741100034646</subfield>
  </datafield>
  <controlfield tag="005">20080624172611.0</controlfield>
  <controlfield tag="001">28113</controlfield>
  <controlfield tag="003">TxDaGIAL</controlfield>
  <datafield ind1=" " ind2=" " tag="852">
    <subfield code="p">37741100034646</subfield>
    <subfield code="a">Library</subfield>
    <subfield code="9">$0.00</subfield>
    <subfield code="x">FUND:Gift</subfield>
    <subfield code="x">COPYID:35113</subfield>
    <subfield code="x">FSC@aRegular@c20070329</subfield>
    <subfield code="h">419.66 S347m 2000</subfield>
    <subfield code="z">Gift Jason Hopkins 2-07</subfield>
  </datafield>
</record>