
<?xml version="1.0"?>
<record>
  <leader>01465cam a2200349 a 4500</leader>
  <controlfield tag="008">780518s1980    enk      bd   000 0 eng  </controlfield>
  <datafield ind1=" " ind2=" " tag="010">
    <subfield code="a">   78017799</subfield>
  </datafield>
  <datafield ind1=" " ind2=" " tag="020">
    <subfield code="a">052122165X</subfield>
  </datafield>
  <datafield ind1=" " ind2=" " tag="020">
    <subfield code="z">0521045886 (1st ed. pbk.)</subfield>
  </datafield>
  <datafield ind1=" " ind2=" " tag="040">
    <subfield code="a">DLC</subfield>
    <subfield code="c">DLC</subfield>
    <subfield code="d">DLC</subfield>
    <subfield code="d">TxDaGIAL</subfield>
  </datafield>
  <datafield ind1="1" ind2=" " tag="041">
    <subfield code="a">engcpe</subfield>
  </datafield>
  <datafield ind1=" " ind2=" " tag="043">
    <subfield code="a">nwjm---</subfield>
  </datafield>
  <datafield ind1="0" ind2="0" tag="050">
    <subfield code="a">PE3313.Z5</subfield>
    <subfield code="b">C3 1980</subfield>
  </datafield>
  <datafield ind1="0" ind2="0" tag="082">
    <subfield code="a">427/.9/7292</subfield>
  </datafield>
  <datafield ind1="0" ind2="0" tag="245">
    <subfield code="a">Dictionary of Jamaican English /</subfield>
    <subfield code="c">edited by F. G. Cassidy and R. B. Le Page.</subfield>
  </datafield>
  <datafield ind1=" " ind2=" " tag="250">
    <subfield code="a">2d ed.</subfield>
  </datafield>
  <datafield ind1=" " ind2=" " tag="260">
    <subfield code="a">Cambridge ;</subfield>
    <subfield code="a">New York :</subfield>
    <subfield code="b">Cambridge University Press,</subfield>
    <subfield code="c">1980.</subfield>
  </datafield>
  <datafield ind1=" " ind2=" " tag="300">
    <subfield code="a">lxiv, 509 p. ;</subfield>
    <subfield code="c">25 cm.</subfield>
  </datafield>
  <datafield ind1=" " ind2=" " tag="500">
    <subfield code="a">1st ed. published in 1967.</subfield>
  </datafield>
  <datafield ind1=" " ind2=" " tag="500">
    <subfield code="a">"The Dictionary of Jamaican English is a historical, descriptive dictionary of the English language in all the forms it has taken in Jamaica since 1655..." p. xi.</subfield>
  </datafield>
  <datafield ind1=" " ind2=" " tag="504">
    <subfield code="a">Includes bibliographical references (p. xvii-xxix)</subfield>
  </datafield>
  <datafield ind1=" " ind2=" " tag="590">
    <subfield code="a">jam</subfield>
    <subfield code="2">Ethnologue 15 = ISO 639-3</subfield>
  </datafield>
  <datafield ind1=" " ind2=" " tag="500">
    <subfield code="a">In English, with frequent terms and text in Jamaican Creole English.</subfield>
  </datafield>
  <datafield ind1=" " ind2="0" tag="650">
    <subfield code="a">English language</subfield>
    <subfield code="x">Dialects</subfield>
    <subfield code="z">Jamaica</subfield>
    <subfield code="v">Dictionaries.</subfield>
  </datafield>
  <datafield ind1=" " ind2="0" tag="650">
    <subfield code="a">English language</subfield>
    <subfield code="x">Dialects</subfield>
    <subfield code="z">Jamaica</subfield>
    <subfield code="x">History.</subfield>
  </datafield>
  <datafield ind1="1" ind2=" " tag="700">
    <subfield code="a">Cassidy, Frederic Gomes,</subfield>
    <subfield code="d">1907-</subfield>
  </datafield>
  <datafield ind1="1" ind2=" " tag="700">
    <subfield code="a">Le Page, R. B.</subfield>
    <subfield code="q">(Robert Brock),</subfield>
    <subfield code="d">1920-2006.</subfield>
  </datafield>
  <datafield ind1=" " ind2=" " tag="035">
    <subfield code="a">(TxDaGIAL)37741100035241</subfield>
  </datafield>
  <controlfield tag="005">20080624172611.0</controlfield>
  <controlfield tag="001">28114</controlfield>
  <controlfield tag="003">TxDaGIAL</controlfield>
  <datafield ind1=" " ind2=" " tag="852">
    <subfield code="p">37741100035241</subfield>
    <subfield code="a">Library</subfield>
    <subfield code="9">$0.00</subfield>
    <subfield code="x">FUND:Gift</subfield>
    <subfield code="x">COPYID:35114</subfield>
    <subfield code="x">FSC@aRegular@c20080219</subfield>
    <subfield code="h">427.97292 D554c 1980</subfield>
    <subfield code="z">Gift John Wilner 1-08</subfield>
  </datafield>
</record>