
<?xml version="1.0"?>
<record>
  <leader>01210nam a2200289 a 4500</leader>
  <controlfield tag="008">080110s2007    sp ah    b   u000 0 cat d</controlfield>
  <datafield ind1=" " ind2=" " tag="020">
    <subfield code="a">9788477954705</subfield>
  </datafield>
  <datafield ind1=" " ind2=" " tag="020">
    <subfield code="a">8477954704</subfield>
  </datafield>
  <datafield ind1=" " ind2=" " tag="035">
    <subfield code="a">(OCLC) 181137848</subfield>
  </datafield>
  <datafield ind1=" " ind2=" " tag="040">
    <subfield code="a">TxDaGIAL</subfield>
    <subfield code="c">TxDaGIAL</subfield>
  </datafield>
  <datafield ind1="1" ind2=" " tag="041">
    <subfield code="a">catspa</subfield>
    <subfield code="h">cat</subfield>
  </datafield>
  <datafield ind1="0" ind2="4" tag="082">
    <subfield code="a">449.9/7</subfield>
    <subfield code="2">22</subfield>
  </datafield>
  <datafield ind1="1" ind2=" " tag="100">
    <subfield code="a">Puerto Ferre, Ma. Teresa</subfield>
    <subfield code="q">(Mar&#xA9;&#x1AF;a Teresa)</subfield>
  </datafield>
  <datafield ind1="1" ind2="0" tag="245">
    <subfield code="a">Cronolog&#xA9;&#x1AF;a hist&#xA9;&#x111;rica de la llengua valenciana /</subfield>
    <subfield code="c">Ma. Teresa Puerto Ferr&#xA9;&#x266D; ; Joan Ignaci Culla.</subfield>
  </datafield>
  <datafield ind1=" " ind2=" " tag="260">
    <subfield code="a">Valencia (Spain) :</subfield>
    <subfield code="b">Diputaci&#xA9;&#x111;n Provincial de Valencia,</subfield>
    <subfield code="c">2007.</subfield>
  </datafield>
  <datafield ind1=" " ind2=" " tag="300">
    <subfield code="a">512 p. :</subfield>
    <subfield code="b">col. ill. ;</subfield>
    <subfield code="c">30 cm.</subfield>
  </datafield>
  <datafield ind1=" " ind2=" " tag="504">
    <subfield code="a">Includes bibliographical references (p. 497-500)</subfield>
  </datafield>
  <datafield ind1=" " ind2=" " tag="546">
    <subfield code="a">In Valencian, a dialect of Catalan-Valencian-Balear. Translated into Spanish.</subfield>
  </datafield>
  <datafield ind1=" " ind2=" " tag="590">
    <subfield code="a">cat</subfield>
    <subfield code="2">Ethnologue 15 = ISO 639-3</subfield>
  </datafield>
  <datafield ind1=" " ind2="0" tag="650">
    <subfield code="a">Catalan language</subfield>
    <subfield code="x">Dialects</subfield>
    <subfield code="z">Spain</subfield>
    <subfield code="z">Valencia (Region)</subfield>
    <subfield code="x">History</subfield>
    <subfield code="x">Sources.</subfield>
  </datafield>
  <datafield ind1=" " ind2="0" tag="650">
    <subfield code="a">Catalan language</subfield>
    <subfield code="x">Dialects</subfield>
    <subfield code="z">Spain</subfield>
    <subfield code="z">Valencia (Region)</subfield>
    <subfield code="v">Texts.</subfield>
  </datafield>
  <datafield ind1="1" ind2=" " tag="700">
    <subfield code="a">Culla Hern&#xA9;&#x141;ndez, Joan Ignaci.</subfield>
  </datafield>
  <datafield ind1=" " ind2=" " tag="035">
    <subfield code="a">(TxDaGIAL)37741100035202</subfield>
  </datafield>
  <controlfield tag="005">20080624172613.0</controlfield>
  <controlfield tag="001">28120</controlfield>
  <controlfield tag="003">TxDaGIAL</controlfield>
  <datafield ind1=" " ind2=" " tag="852">
    <subfield code="p">37741100035202</subfield>
    <subfield code="a">Library</subfield>
    <subfield code="9">$0.00</subfield>
    <subfield code="x">FUND:Gift</subfield>
    <subfield code="x">COPYID:35121</subfield>
    <subfield code="x">FSC@aRegular@c20080130</subfield>
    <subfield code="h">449.97 P977c 2007</subfield>
    <subfield code="z">Gift 11-07</subfield>
  </datafield>
</record>