
<?xml version="1.0"?>
<record>
  <leader>00946nam a2200265Ia 4500</leader>
  <controlfield tag="008">910827s1990    gt       d    000 0 spa d</controlfield>
  <datafield ind1=" " ind2=" " tag="035">
    <subfield code="a">(CU-UC)dlaisn6939390</subfield>
  </datafield>
  <datafield ind1=" " ind2=" " tag="040">
    <subfield code="a">LRU</subfield>
    <subfield code="c">LRU</subfield>
    <subfield code="d">CLU</subfield>
  </datafield>
  <datafield ind1="0" ind2=" " tag="041">
    <subfield code="a">spamyn</subfield>
  </datafield>
  <datafield ind1="0" ind2="4" tag="082">
    <subfield code="a">463/.974/22</subfield>
    <subfield code="2">22</subfield>
  </datafield>
  <datafield ind1="1" ind2=" " tag="100">
    <subfield code="a">Ruy&#xA9;&#x141;n Can&#xA9;&#xF0;, D&#xA9;&#x266D;borah.</subfield>
  </datafield>
  <datafield ind1="1" ind2="0" tag="245">
    <subfield code="a">Glosario espa&#xA9;&#x142;ol-cakchiquel (kaqchikel) /</subfield>
    <subfield code="c">D&#xA9;&#x266D;bora Ruy&#xA9;&#x141;n Can&#xA9;&#xF0;, Serapio Coyote Tum, JoAnn Munson L.</subfield>
  </datafield>
  <datafield ind1=" " ind2=" " tag="260">
    <subfield code="a">Guatemala, C.A. :</subfield>
    <subfield code="b">Instituto Ling&#xA9;&#x1A1;&#xA9;&#x1AF;stico de Verano,</subfield>
    <subfield code="c">1990.</subfield>
  </datafield>
  <datafield ind1=" " ind2=" " tag="300">
    <subfield code="a">iv, 353 p. ;</subfield>
    <subfield code="c">27 cm.</subfield>
  </datafield>
  <datafield ind1=" " ind2=" " tag="500">
    <subfield code="a">Spanish and Cakchikel.</subfield>
  </datafield>
  <datafield ind1=" " ind2=" " tag="546">
    <subfield code="a">Spanish.</subfield>
  </datafield>
  <datafield ind1=" " ind2=" " tag="590">
    <subfield code="a">cak</subfield>
    <subfield code="2">Ethnologue 15 = ISO/DIS 639-3</subfield>
  </datafield>
  <datafield ind1=" " ind2="0" tag="650">
    <subfield code="a">Spanish language</subfield>
    <subfield code="v">Glossaries, vocabularies, etc.</subfield>
    <subfield code="x">Cakchikel.</subfield>
  </datafield>
  <datafield ind1="1" ind2=" " tag="700">
    <subfield code="a">Coyote Tum, Serapio.</subfield>
  </datafield>
  <datafield ind1="1" ind2=" " tag="700">
    <subfield code="a">Munson L., Jo Ann.</subfield>
  </datafield>
  <datafield ind1=" " ind2=" " tag="035">
    <subfield code="a">(TxDaGIAL)37741100014278</subfield>
  </datafield>
  <controlfield tag="005">20080624172613.0</controlfield>
  <controlfield tag="001">28121</controlfield>
  <controlfield tag="003">TxDaGIAL</controlfield>
  <datafield ind1=" " ind2=" " tag="852">
    <subfield code="p">37741100014278</subfield>
    <subfield code="a">Library</subfield>
    <subfield code="x">COPYID:35122</subfield>
    <subfield code="x">FSC@aRegular@c19961217</subfield>
    <subfield code="h">463.97422 R985g 1990</subfield>
  </datafield>
</record>