
<?xml version="1.0"?>
<record>
  <leader>00937nam a2200253 a 4500</leader>
  <controlfield tag="008">060314s198u    pk a     b    000 0 eng d</controlfield>
  <datafield ind1=" " ind2=" " tag="040">
    <subfield code="a">TxDaGIAL</subfield>
    <subfield code="c">TxDaGIAL</subfield>
  </datafield>
  <datafield ind1="1" ind2=" " tag="041">
    <subfield code="a">engurd</subfield>
  </datafield>
  <datafield ind1="0" ind2="4" tag="082">
    <subfield code="a">491.439</subfield>
    <subfield code="2">22</subfield>
  </datafield>
  <datafield ind1="1" ind2=" " tag="100">
    <subfield code="a">Grainger, Peter J.</subfield>
  </datafield>
  <datafield ind1="1" ind2="0" tag="245">
    <subfield code="a">Making a sound start in Urdu /</subfield>
    <subfield code="c">Peter J. Grainger.</subfield>
  </datafield>
  <datafield ind1=" " ind2=" " tag="260">
    <subfield code="a">Hyderabad, Pakistan :</subfield>
    <subfield code="b">The Language Project, Church of Pakistan,</subfield>
    <subfield code="c">198-?.</subfield>
  </datafield>
  <datafield ind1=" " ind2=" " tag="300">
    <subfield code="a">169 p. :</subfield>
    <subfield code="b">ill. ;</subfield>
    <subfield code="c">35 c.</subfield>
  </datafield>
  <datafield ind1=" " ind2=" " tag="504">
    <subfield code="a">Includes bibliographical references (p. 31)</subfield>
  </datafield>
  <datafield ind1=" " ind2=" " tag="500">
    <subfield code="a">Mimeo.</subfield>
  </datafield>
  <datafield ind1=" " ind2=" " tag="546">
    <subfield code="a">English and Urdu.</subfield>
  </datafield>
  <datafield ind1=" " ind2=" " tag="590">
    <subfield code="a">urd</subfield>
    <subfield code="2">Ethnologue 15 = ISO/DIS 639-3</subfield>
  </datafield>
  <datafield ind1=" " ind2="0" tag="650">
    <subfield code="a">Urdu language</subfield>
    <subfield code="x">Phonetics.</subfield>
  </datafield>
  <datafield ind1=" " ind2="0" tag="650">
    <subfield code="a">Urdu language</subfield>
    <subfield code="v">Textbooks for foreign speakers</subfield>
    <subfield code="x">English.</subfield>
  </datafield>
  <datafield ind1=" " ind2=" " tag="035">
    <subfield code="a">(TxDaGIAL)37741100029671</subfield>
  </datafield>
  <controlfield tag="005">20080624172613.0</controlfield>
  <controlfield tag="001">28123</controlfield>
  <controlfield tag="003">TxDaGIAL</controlfield>
  <datafield ind1=" " ind2=" " tag="852">
    <subfield code="p">37741100029671</subfield>
    <subfield code="a">Library</subfield>
    <subfield code="9">$0.00</subfield>
    <subfield code="x">FUND:Gift</subfield>
    <subfield code="x">COPYID:35124</subfield>
    <subfield code="x">FSC@aRegular@c20060320</subfield>
    <subfield code="h">491.439 G743m 1980z</subfield>
    <subfield code="z">Gift David &amp; Rosemary Ross 3-05</subfield>
  </datafield>
</record>