
<?xml version="1.0"?>
<record>
  <leader>01185nam a2200325 a 4500</leader>
  <controlfield tag="008">940217s1986    ii       d    000 0 eng d</controlfield>
  <datafield ind1=" " ind2=" " tag="040">
    <subfield code="a">TxDaGIAL</subfield>
    <subfield code="c">TxDaGIAL</subfield>
  </datafield>
  <datafield ind1="1" ind2=" " tag="041">
    <subfield code="a">engori</subfield>
  </datafield>
  <datafield ind1="0" ind2="4" tag="082">
    <subfield code="a">491.456</subfield>
    <subfield code="2">22</subfield>
  </datafield>
  <datafield ind1=" " ind2=" " tag="090">
    <subfield code="a">PK2563</subfield>
    <subfield code="b">.G36 1995</subfield>
  </datafield>
  <datafield ind1="1" ind2=" " tag="100">
    <subfield code="a">Ganathe, N. S. R.</subfield>
  </datafield>
  <datafield ind1="1" ind2="0" tag="245">
    <subfield code="a">Learn Oriya in 30 days /</subfield>
    <subfield code="c">by N.S.R. Ganathe.</subfield>
  </datafield>
  <datafield ind1="1" ind2="8" tag="246">
    <subfield code="a">Learn Oriya through English</subfield>
  </datafield>
  <datafield ind1=" " ind2=" " tag="250">
    <subfield code="a">2nd ed.</subfield>
  </datafield>
  <datafield ind1=" " ind2=" " tag="260">
    <subfield code="a">Madras, India :</subfield>
    <subfield code="b">Balaji Publications,</subfield>
    <subfield code="c">1986.</subfield>
  </datafield>
  <datafield ind1=" " ind2=" " tag="300">
    <subfield code="a">xiii, [3], 160 p. ;</subfield>
    <subfield code="c">18 cm.</subfield>
  </datafield>
  <datafield ind1=" " ind2="0" tag="440">
    <subfield code="a">National integration language series</subfield>
  </datafield>
  <datafield ind1=" " ind2=" " tag="500">
    <subfield code="a">Spine title: Learn Oriya through English.</subfield>
  </datafield>
  <datafield ind1=" " ind2=" " tag="546">
    <subfield code="a">In English and Oriya.</subfield>
  </datafield>
  <datafield ind1=" " ind2=" " tag="590">
    <subfield code="a">ori</subfield>
    <subfield code="2">Ethnologue 15 =ISO/DIS 639-3</subfield>
  </datafield>
  <datafield ind1=" " ind2="0" tag="650">
    <subfield code="a">Oriya language</subfield>
    <subfield code="x">Self-instruction.</subfield>
  </datafield>
  <datafield ind1=" " ind2="0" tag="650">
    <subfield code="a">Oriya language</subfield>
    <subfield code="v">Textbooks for foreign speakers</subfield>
    <subfield code="x">English.</subfield>
  </datafield>
  <datafield ind1=" " ind2="0" tag="650">
    <subfield code="a">Oriya language</subfield>
    <subfield code="v">Conversation and phrase books</subfield>
    <subfield code="x">English.</subfield>
  </datafield>
  <datafield ind1=" " ind2="0" tag="650">
    <subfield code="a">Oriya language</subfield>
    <subfield code="x">Grammar.</subfield>
  </datafield>
  <datafield ind1=" " ind2=" " tag="948">
    <subfield code="a">c:ctp/meg:11/23/99</subfield>
  </datafield>
  <datafield ind1=" " ind2=" " tag="035">
    <subfield code="a">(TxDaGIAL)37741100029846</subfield>
  </datafield>
  <controlfield tag="005">20080624172613.0</controlfield>
  <controlfield tag="001">28125</controlfield>
  <controlfield tag="003">TxDaGIAL</controlfield>
  <datafield ind1=" " ind2=" " tag="852">
    <subfield code="p">37741100029846</subfield>
    <subfield code="a">Library</subfield>
    <subfield code="9">$0.00</subfield>
    <subfield code="x">FUND:Gift</subfield>
    <subfield code="x">COPYID:35126</subfield>
    <subfield code="x">FSC@aRegular@c20060511</subfield>
    <subfield code="h">491.456 G195L 1986</subfield>
    <subfield code="z">Gift John Sotrop 2-03</subfield>
  </datafield>
</record>