
<?xml version="1.0"?>
<record>
  <leader>01116nam a2200301 a 4500</leader>
  <controlfield tag="008">940217q19801994ii            000 0 eng d</controlfield>
  <datafield ind1=" " ind2=" " tag="040">
    <subfield code="a">TxDaGIAL</subfield>
    <subfield code="c">TxDaGIAL</subfield>
  </datafield>
  <datafield ind1="0" ind2=" " tag="041">
    <subfield code="a">engori</subfield>
  </datafield>
  <datafield ind1="0" ind2="4" tag="082">
    <subfield code="a">491.456</subfield>
    <subfield code="2">22</subfield>
  </datafield>
  <datafield ind1=" " ind2=" " tag="090">
    <subfield code="a">PK2563</subfield>
    <subfield code="b">.G36 1995</subfield>
  </datafield>
  <datafield ind1="1" ind2=" " tag="100">
    <subfield code="a">Panda, Rajan.</subfield>
  </datafield>
  <datafield ind1="1" ind2="0" tag="245">
    <subfield code="a">Learn Oriya in a month :</subfield>
    <subfield code="b">easy method of learning Oriya through English without a teacher /</subfield>
    <subfield code="c">by Rajan Panda.</subfield>
  </datafield>
  <datafield ind1="1" ind2=" " tag="246">
    <subfield code="a">Learn Oriya through English</subfield>
  </datafield>
  <datafield ind1=" " ind2=" " tag="250">
    <subfield code="a">Read Well ed.</subfield>
  </datafield>
  <datafield ind1=" " ind2=" " tag="260">
    <subfield code="a">New Delhi, India :</subfield>
    <subfield code="b">Read Well Pub.,</subfield>
    <subfield code="c">[198-?]</subfield>
  </datafield>
  <datafield ind1=" " ind2=" " tag="300">
    <subfield code="a">193 p. ;</subfield>
    <subfield code="c">18 cm.</subfield>
  </datafield>
  <datafield ind1=" " ind2=" " tag="500">
    <subfield code="a">Spine title: Learn Oriya through English.</subfield>
  </datafield>
  <datafield ind1=" " ind2=" " tag="546">
    <subfield code="a">In English and Oriya.</subfield>
  </datafield>
  <datafield ind1=" " ind2=" " tag="590">
    <subfield code="a">ori</subfield>
    <subfield code="2">Ethnologue 15 =ISO/DIS 639-3</subfield>
  </datafield>
  <datafield ind1=" " ind2="0" tag="650">
    <subfield code="a">Oriya language</subfield>
    <subfield code="x">Self-instruction.</subfield>
  </datafield>
  <datafield ind1=" " ind2="0" tag="650">
    <subfield code="a">Oriya language</subfield>
    <subfield code="v">Textbooks for foreign speakers</subfield>
    <subfield code="x">English.</subfield>
  </datafield>
  <datafield ind1=" " ind2="0" tag="650">
    <subfield code="a">Oriya language</subfield>
    <subfield code="x">Grammar.</subfield>
  </datafield>
  <datafield ind1=" " ind2=" " tag="948">
    <subfield code="a">c:ctp/meg:11/23/99</subfield>
  </datafield>
  <datafield ind1=" " ind2=" " tag="035">
    <subfield code="a">(TxDaGIAL)37741100029847</subfield>
  </datafield>
  <controlfield tag="005">20080624172613.0</controlfield>
  <controlfield tag="001">28126</controlfield>
  <controlfield tag="003">TxDaGIAL</controlfield>
  <datafield ind1=" " ind2=" " tag="852">
    <subfield code="p">37741100029847</subfield>
    <subfield code="a">Library</subfield>
    <subfield code="9">$0.00</subfield>
    <subfield code="x">FUND:Gift</subfield>
    <subfield code="x">COPYID:35127</subfield>
    <subfield code="x">FSC@aRegular@c20060511</subfield>
    <subfield code="h">491.456 P189L 1980z</subfield>
    <subfield code="z">Gift John Sotrop 2-03</subfield>
  </datafield>
</record>