
<?xml version="1.0"?>
<record>
  <leader>01241nam a2200289 a 4500</leader>
  <controlfield tag="008">060427s1944    no       bd   000 0 eng d</controlfield>
  <datafield ind1=" " ind2=" " tag="035">
    <subfield code="a">(OCLC) 61604958</subfield>
  </datafield>
  <datafield ind1=" " ind2=" " tag="040">
    <subfield code="a">TxDaGIAL</subfield>
    <subfield code="c">TxDaGIAL</subfield>
  </datafield>
  <datafield ind1="1" ind2=" " tag="041">
    <subfield code="a">engrom</subfield>
  </datafield>
  <datafield ind1="0" ind2="4" tag="082">
    <subfield code="a">491.497/7</subfield>
    <subfield code="2">22</subfield>
  </datafield>
  <datafield ind1="1" ind2=" " tag="100">
    <subfield code="a">Iversen, Ragnvald,</subfield>
    <subfield code="d">1882-1960.</subfield>
  </datafield>
  <datafield ind1="1" ind2="4" tag="245">
    <subfield code="a">The Romany language in Norway :</subfield>
    <subfield code="b">secret languages in Norway, part I /</subfield>
    <subfield code="c">by Ragnvald Iversen.</subfield>
  </datafield>
  <datafield ind1=" " ind2=" " tag="260">
    <subfield code="a">Oslo :</subfield>
    <subfield code="b">I Kommisjon Hos Jacob Dybwad,</subfield>
    <subfield code="c">1944.</subfield>
  </datafield>
  <datafield ind1=" " ind2=" " tag="300">
    <subfield code="a">275 p. ;</subfield>
    <subfield code="c">27 cm.</subfield>
  </datafield>
  <datafield ind1=" " ind2="0" tag="440">
    <subfield code="a">Skrifter utgitt av Det Norske videnskaps-akademi i Oslo.</subfield>
    <subfield code="n">II,</subfield>
    <subfield code="p">Hist.-filos. klasse. ;</subfield>
    <subfield code="v">no. 3 1944</subfield>
  </datafield>
  <datafield ind1=" " ind2=" " tag="504">
    <subfield code="a">Includes bibliographical references (p. 7-12)</subfield>
  </datafield>
  <datafield ind1=" " ind2=" " tag="546">
    <subfield code="a">Romani terms with English definitions and commentary.</subfield>
  </datafield>
  <datafield ind1=" " ind2=" " tag="590">
    <subfield code="a">rmu</subfield>
    <subfield code="2">Ethnologue 15 =ISO/DIS 639-3</subfield>
  </datafield>
  <datafield ind1=" " ind2="0" tag="650">
    <subfield code="a">Romani language</subfield>
    <subfield code="z">Norway.</subfield>
  </datafield>
  <datafield ind1=" " ind2="0" tag="650">
    <subfield code="a">Romani language</subfield>
    <subfield code="v">Glossaries, vocabularies, etc.</subfield>
  </datafield>
  <datafield ind1="2" ind2=" " tag="710">
    <subfield code="a">Norske videnskaps-akademi.</subfield>
  </datafield>
  <datafield ind1=" " ind2="0" tag="830">
    <subfield code="a">Skrifter (Norske videnskaps-akademi i Oslo. II--Hist.-filos. klasse)</subfield>
    <subfield code="v">no. 3.</subfield>
    <subfield code="f">1944.</subfield>
  </datafield>
  <datafield ind1=" " ind2=" " tag="035">
    <subfield code="a">(TxDaGIAL)37741100029838</subfield>
  </datafield>
  <controlfield tag="005">20080624172613.0</controlfield>
  <controlfield tag="001">28128</controlfield>
  <controlfield tag="003">TxDaGIAL</controlfield>
  <datafield ind1=" " ind2=" " tag="852">
    <subfield code="p">37741100029838</subfield>
    <subfield code="a">Library</subfield>
    <subfield code="9">$0.00</subfield>
    <subfield code="x">FUND:Gift</subfield>
    <subfield code="x">COPYID:35129</subfield>
    <subfield code="x">FSC@aRegular@c20060511</subfield>
    <subfield code="h">491.4977 I94r 1944</subfield>
    <subfield code="z">Gift Paul Kroeger 2-03</subfield>
  </datafield>
</record>