
<?xml version="1.0"?>
<record>
  <leader>01474nam a2200325 a 4500</leader>
  <controlfield tag="008">951122s1993    pk       d    000 0 perod</controlfield>
  <datafield ind1=" " ind2=" " tag="035">
    <subfield code="a">(OCoLC)ocm33814814</subfield>
  </datafield>
  <datafield ind1=" " ind2=" " tag="040">
    <subfield code="a">HLS</subfield>
    <subfield code="c">HLS</subfield>
    <subfield code="d">UIU</subfield>
    <subfield code="d">UIUdb</subfield>
    <subfield code="d">TxDaGIAL</subfield>
  </datafield>
  <datafield ind1="0" ind2=" " tag="041">
    <subfield code="a">hazpereng</subfield>
  </datafield>
  <datafield ind1=" " ind2="4" tag="050">
    <subfield code="a">PK6996.H3</subfield>
    <subfield code="b">T3 1993</subfield>
  </datafield>
  <datafield ind1="0" ind2="4" tag="082">
    <subfield code="a">491.5</subfield>
    <subfield code="2">22</subfield>
  </datafield>
  <datafield ind1="1" ind2=" " tag="100">
    <subfield code="a">&#xA3;&#x300;&#x1A0;&#x266F;riq M&#x266F;list&#x266F;n&#x266F;&#xB1;,   A. &#x131;&#x300;&#xDE;.</subfield>
  </datafield>
  <datafield ind1="1" ind2="0" tag="245">
    <subfield code="a">Farhang-i ibtidai-i milli-i Hazarah, bi-inzimam-i tarjamah bih Farsi-i Ingilisi =</subfield>
    <subfield code="b">Hazaragi Dari/Farsi English, a preliminary glossary /</subfield>
    <subfield code="c">mu  allif,   A.&#x131;&#x300;&#xDE;  &#xA3;&#x300;&#x1A0;&#x266F;riq M&#x266F;list&#x266F;n&#x266F;&#xB1;.</subfield>
  </datafield>
  <datafield ind1="3" ind2="1" tag="246">
    <subfield code="a">Farhang-i ibtidai-i milli-i Hazarah</subfield>
  </datafield>
  <datafield ind1="3" ind2="3" tag="246">
    <subfield code="a">Hazaragi Dari/Farsi English, a preliminary glossary</subfield>
  </datafield>
  <datafield ind1=" " ind2=" " tag="250">
    <subfield code="a">Ch&#x266F;p-i 1.</subfield>
  </datafield>
  <datafield ind1=" " ind2=" " tag="260">
    <subfield code="a">[Quetta] :</subfield>
    <subfield code="b">  A.&#x131;&#x300;&#xDE;. &#xA3;&#x300;&#x1A0;&#x266F;riq M&#x266F;list&#x266F;n&#x266F;&#xB1;,</subfield>
    <subfield code="c">1993.</subfield>
  </datafield>
  <datafield ind1=" " ind2=" " tag="300">
    <subfield code="a">viii, 210 p. ;</subfield>
    <subfield code="c">25 cm.</subfield>
  </datafield>
  <datafield ind1=" " ind2=" " tag="546">
    <subfield code="a">English, Hazara (Hazaragi) and Persian (Eastern Farsi);</subfield>
    <subfield code="b">pronunciation indicated in both Arabic and international phonetic scripts.</subfield>
  </datafield>
  <datafield ind1=" " ind2=" " tag="590">
    <subfield code="a">haz</subfield>
    <subfield code="2">Ethnologue 15 = ISO/DIS 639-3</subfield>
  </datafield>
  <datafield ind1=" " ind2=" " tag="590">
    <subfield code="a">prs</subfield>
    <subfield code="2">Ethnologue 15 = ISO/DIS 639-3</subfield>
  </datafield>
  <datafield ind1=" " ind2="0" tag="650">
    <subfield code="a">Hazara language</subfield>
    <subfield code="v">Dictionaries</subfield>
    <subfield code="x">Dari.</subfield>
  </datafield>
  <datafield ind1=" " ind2="0" tag="650">
    <subfield code="a">Hazara language</subfield>
    <subfield code="v">Dictionaries</subfield>
    <subfield code="x">English.</subfield>
  </datafield>
  <datafield ind1=" " ind2="0" tag="650">
    <subfield code="a">English language</subfield>
    <subfield code="v">Dictionaries</subfield>
    <subfield code="x">Hazara.</subfield>
  </datafield>
  <datafield ind1=" " ind2="0" tag="650">
    <subfield code="a">Hazara language</subfield>
    <subfield code="v">Dictionaries</subfield>
    <subfield code="x">Persian.</subfield>
  </datafield>
  <datafield ind1=" " ind2=" " tag="035">
    <subfield code="a">(TxDaGIAL)37741100029667</subfield>
  </datafield>
  <controlfield tag="005">20080624172613.0</controlfield>
  <controlfield tag="001">28129</controlfield>
  <controlfield tag="003">TxDaGIAL</controlfield>
  <datafield ind1=" " ind2=" " tag="852">
    <subfield code="p">37741100029667</subfield>
    <subfield code="a">Library</subfield>
    <subfield code="9">$0.00</subfield>
    <subfield code="x">FUND:Gift</subfield>
    <subfield code="x">COPYID:35130</subfield>
    <subfield code="x">FSC@aRegular@c20060320</subfield>
    <subfield code="h">491.5 T187h 1993</subfield>
    <subfield code="z">Gift David &amp; Rosemary Ross 3-05</subfield>
  </datafield>
</record>