
<?xml version="1.0"?>
<record>
  <leader>01747cam a2200385 a 4500</leader>
  <controlfield tag="008">951205t19801966nyuab    bd   001 0 eng  </controlfield>
  <datafield ind1=" " ind2=" " tag="010">
    <subfield code="a">   66027627</subfield>
  </datafield>
  <datafield ind1=" " ind2=" " tag="035">
    <subfield code="a">(OCoLC)33852369</subfield>
  </datafield>
  <datafield ind1=" " ind2=" " tag="040">
    <subfield code="a">DLC</subfield>
    <subfield code="c">IC</subfield>
    <subfield code="d">WU</subfield>
    <subfield code="d">OCoLC</subfield>
    <subfield code="d">DLC</subfield>
    <subfield code="d">TxDaGIAL</subfield>
  </datafield>
  <datafield ind1="0" ind2=" " tag="041">
    <subfield code="a">englit</subfield>
  </datafield>
  <datafield ind1="0" ind2="0" tag="050">
    <subfield code="a">PG8535</subfield>
    <subfield code="b">.D28</subfield>
  </datafield>
  <datafield ind1="0" ind2=" " tag="082">
    <subfield code="a">491.9/2/8242</subfield>
  </datafield>
  <datafield ind1="0" ind2="4" tag="082">
    <subfield code="a">491.92/824/21</subfield>
    <subfield code="2">22</subfield>
  </datafield>
  <datafield ind1="1" ind2=" " tag="100">
    <subfield code="a">Dambri&#xBF;&#xB1;nas, Leonardas,</subfield>
    <subfield code="d">1906-</subfield>
  </datafield>
  <datafield ind1="1" ind2="0" tag="245">
    <subfield code="a">Introduction to modern Lithuanian /</subfield>
    <subfield code="c">Leonardas Dambri&#xBF;&#xB1;nas, Antanas Klimas, William R. Schmalstieg.</subfield>
  </datafield>
  <datafield ind1=" " ind2=" " tag="250">
    <subfield code="a">3rd ed.</subfield>
  </datafield>
  <datafield ind1=" " ind2=" " tag="260">
    <subfield code="a">Brooklyn, N.Y. :</subfield>
    <subfield code="b">Darbininkas :</subfield>
    <subfield code="b">Franciscan Fathers,</subfield>
    <subfield code="c">1980, c1966.</subfield>
  </datafield>
  <datafield ind1=" " ind2=" " tag="300">
    <subfield code="a">viii, 471 p. :</subfield>
    <subfield code="b">ill., map ;</subfield>
    <subfield code="c">24 cm. +</subfield>
    <subfield code="e">4 sound cassettes (analog)</subfield>
  </datafield>
  <datafield ind1=" " ind2=" " tag="500">
    <subfield code="a">"Designed not for young children, but rather for those who have already reached a certain stage of maturity."--P. iii.</subfield>
  </datafield>
  <datafield ind1=" " ind2=" " tag="504">
    <subfield code="a">Includes bibliographical references and index.</subfield>
  </datafield>
  <datafield ind1=" " ind2=" " tag="546">
    <subfield code="a">In English and Lithuanian.</subfield>
  </datafield>
  <datafield ind1=" " ind2=" " tag="590">
    <subfield code="a">lit</subfield>
    <subfield code="2">Ethnologue 15 =ISO/DIS 639-3</subfield>
  </datafield>
  <datafield ind1=" " ind2="0" tag="650">
    <subfield code="a">Lithuanian language</subfield>
    <subfield code="v">Textbooks for foreign speakers</subfield>
    <subfield code="x">English.</subfield>
  </datafield>
  <datafield ind1=" " ind2="0" tag="650">
    <subfield code="a">Lithuanian language</subfield>
    <subfield code="v">Sound recordings for English speakers.</subfield>
  </datafield>
  <datafield ind1=" " ind2="0" tag="650">
    <subfield code="a">Lithuanian language</subfield>
    <subfield code="x">Composition and exercises.</subfield>
  </datafield>
  <datafield ind1=" " ind2="0" tag="650">
    <subfield code="a">Lithuanian language</subfield>
    <subfield code="x">Grammar.</subfield>
  </datafield>
  <datafield ind1=" " ind2="0" tag="650">
    <subfield code="a">Lithuanian language</subfield>
    <subfield code="x">Self-instruction.</subfield>
  </datafield>
  <datafield ind1="1" ind2=" " tag="700">
    <subfield code="a">Klimas, Antanas,</subfield>
    <subfield code="d">1924-</subfield>
  </datafield>
  <datafield ind1="1" ind2=" " tag="700">
    <subfield code="a">Schmalstieg, William R.</subfield>
  </datafield>
  <datafield ind1=" " ind2=" " tag="035">
    <subfield code="a">(TxDaGIAL)37741100029835</subfield>
  </datafield>
  <controlfield tag="005">20080624172614.0</controlfield>
  <controlfield tag="001">28132</controlfield>
  <controlfield tag="003">TxDaGIAL</controlfield>
  <datafield ind1=" " ind2=" " tag="852">
    <subfield code="p">37741100029835</subfield>
    <subfield code="a">Library</subfield>
    <subfield code="9">$0.00</subfield>
    <subfield code="x">FUND:Gift</subfield>
    <subfield code="x">COPYID:35133</subfield>
    <subfield code="x">FSC@aRegular@c20060511</subfield>
    <subfield code="h">491.9282421 D156i 1980</subfield>
    <subfield code="z">Gift John Sotrop 3-03</subfield>
  </datafield>
  <datafield ind1=" " ind2=" " tag="852">
    <subfield code="p">37741100029836</subfield>
    <subfield code="a">Library</subfield>
    <subfield code="9">$0.00</subfield>
    <subfield code="x">FUND:Gift</subfield>
    <subfield code="x">COPYID:35134</subfield>
    <subfield code="x">FSC@aRegular@c20060511</subfield>
    <subfield code="h">491.9282421 D156i 1980 tapes</subfield>
    <subfield code="z">Gift John Sotrop 3-03</subfield>
  </datafield>
</record>