
<?xml version="1.0"?>
<record>
  <leader>01494cam a2200373 a 4500</leader>
  <controlfield tag="008">970108s1997    njuab         000 0 eng  </controlfield>
  <datafield ind1=" " ind2=" " tag="010">
    <subfield code="a">   97002021</subfield>
  </datafield>
  <datafield ind1=" " ind2=" " tag="020">
    <subfield code="a">156902054X (paper : alk. paper)</subfield>
  </datafield>
  <datafield ind1=" " ind2=" " tag="020">
    <subfield code="a">1569020558 (cassette)</subfield>
  </datafield>
  <datafield ind1=" " ind2=" " tag="020">
    <subfield code="a">1569020566 (package)</subfield>
  </datafield>
  <datafield ind1=" " ind2=" " tag="040">
    <subfield code="a">DLC</subfield>
    <subfield code="c">DLC</subfield>
    <subfield code="d">TxDaGIAL</subfield>
  </datafield>
  <datafield ind1="1" ind2=" " tag="041">
    <subfield code="a">engtirita</subfield>
    <subfield code="h">engita</subfield>
  </datafield>
  <datafield ind1="0" ind2="0" tag="050">
    <subfield code="a">PJ9111</subfield>
    <subfield code="b">.O75 1997</subfield>
  </datafield>
  <datafield ind1="0" ind2="0" tag="082">
    <subfield code="a">418</subfield>
    <subfield code="2">21</subfield>
  </datafield>
  <datafield ind1="0" ind2="4" tag="082">
    <subfield code="a">492.83/834</subfield>
    <subfield code="2">22</subfield>
  </datafield>
  <datafield ind1="1" ind2=" " tag="100">
    <subfield code="a">Oriolo, Leonardo.</subfield>
  </datafield>
  <datafield ind1="1" ind2="0" tag="245">
    <subfield code="a">How to say it :</subfield>
    <subfield code="b">English, Tigrinya, Italian /</subfield>
    <subfield code="c">Leonardo Oriolo, Amanuel Sahle, Senait Iyob.</subfield>
  </datafield>
  <datafield ind1=" " ind2=" " tag="260">
    <subfield code="a">Lawrenceville, N.J. :</subfield>
    <subfield code="b">Red Sea Press,</subfield>
    <subfield code="c">1997.</subfield>
  </datafield>
  <datafield ind1=" " ind2=" " tag="300">
    <subfield code="a">ix, 179 p. :</subfield>
    <subfield code="b">ill., maps ;</subfield>
    <subfield code="c">22 cm.</subfield>
  </datafield>
  <datafield ind1=" " ind2=" " tag="546">
    <subfield code="a">English, Italian, and Tigrigna.</subfield>
  </datafield>
  <datafield ind1=" " ind2=" " tag="590">
    <subfield code="a">tir</subfield>
    <subfield code="2">Ethnologue 15 = ISO 639-3</subfield>
  </datafield>
  <datafield ind1=" " ind2="0" tag="650">
    <subfield code="a">Tigrinya language</subfield>
    <subfield code="v">Conversation and phrase books</subfield>
    <subfield code="x">English.</subfield>
  </datafield>
  <datafield ind1=" " ind2="0" tag="650">
    <subfield code="a">Tigrinya language</subfield>
    <subfield code="v">Conversation and phrase books</subfield>
    <subfield code="x">Italian.</subfield>
  </datafield>
  <datafield ind1=" " ind2="0" tag="650">
    <subfield code="a">English language</subfield>
    <subfield code="v">Conversation and phrase books</subfield>
    <subfield code="x">Tigrinya.</subfield>
  </datafield>
  <datafield ind1=" " ind2="0" tag="650">
    <subfield code="a">English language</subfield>
    <subfield code="v">Conversation and phrase books</subfield>
    <subfield code="x">Italian.</subfield>
  </datafield>
  <datafield ind1=" " ind2="0" tag="650">
    <subfield code="a">Italian language</subfield>
    <subfield code="v">Conversation and phrase books</subfield>
    <subfield code="x">Tigrinya.</subfield>
  </datafield>
  <datafield ind1=" " ind2="0" tag="650">
    <subfield code="a">Italian language</subfield>
    <subfield code="v">Conversation and phrase books</subfield>
    <subfield code="x">English.</subfield>
  </datafield>
  <datafield ind1="0" ind2=" " tag="700">
    <subfield code="a">Amanuel Sahle.</subfield>
  </datafield>
  <datafield ind1="1" ind2=" " tag="700">
    <subfield code="a">Senait Iyor.</subfield>
  </datafield>
  <datafield ind1=" " ind2=" " tag="035">
    <subfield code="a">(TxDaGIAL)37741100034892</subfield>
  </datafield>
  <controlfield tag="005">20080624172615.0</controlfield>
  <controlfield tag="001">28135</controlfield>
  <controlfield tag="003">TxDaGIAL</controlfield>
  <datafield ind1=" " ind2=" " tag="852">
    <subfield code="p">37741100034892</subfield>
    <subfield code="a">Library</subfield>
    <subfield code="9">$0.00</subfield>
    <subfield code="x">FUND:Gift</subfield>
    <subfield code="x">COPYID:35137</subfield>
    <subfield code="x">FSC@aRegular@c20070802</subfield>
    <subfield code="h">492.83834 O69h 1997</subfield>
    <subfield code="z">Gift Pete Unseth 5-07</subfield>
  </datafield>
</record>