
<?xml version="1.0"?>
<record>
  <leader>01340cam a2200349 a 4500</leader>
  <controlfield tag="007">ta</controlfield>
  <controlfield tag="008">790810s1949    enkb     b    000 0 eng d</controlfield>
  <datafield ind1=" " ind2=" " tag="035">
    <subfield code="a">(OCoLC)05260219</subfield>
  </datafield>
  <datafield ind1=" " ind2=" " tag="040">
    <subfield code="a">CWR</subfield>
    <subfield code="c">CWR</subfield>
    <subfield code="d">CLU</subfield>
    <subfield code="d">TxDaGIAL</subfield>
  </datafield>
  <datafield ind1="0" ind2=" " tag="041">
    <subfield code="a">engest</subfield>
  </datafield>
  <datafield ind1="0" ind2="4" tag="082">
    <subfield code="a">494.545/834/21</subfield>
    <subfield code="2">22</subfield>
  </datafield>
  <datafield ind1="1" ind2=" " tag="100">
    <subfield code="a">Cook, Percy J.</subfield>
  </datafield>
  <datafield ind1="1" ind2="0" tag="245">
    <subfield code="a">Estonian self-taught by the natural method :</subfield>
    <subfield code="b">with phonetic pronunciation /</subfield>
    <subfield code="c">by Percy J. Cook.</subfield>
  </datafield>
  <datafield ind1="3" ind2="4" tag="246">
    <subfield code="a">Marlborough's Estonian self-taught</subfield>
  </datafield>
  <datafield ind1="3" ind2="8" tag="246">
    <subfield code="a">Estonian self-taught</subfield>
  </datafield>
  <datafield ind1=" " ind2=" " tag="250">
    <subfield code="a">2d ed., rev. &amp; enl.</subfield>
  </datafield>
  <datafield ind1=" " ind2=" " tag="260">
    <subfield code="a">London :</subfield>
    <subfield code="b">Marlborough,</subfield>
    <subfield code="c">[1949]</subfield>
  </datafield>
  <datafield ind1=" " ind2=" " tag="300">
    <subfield code="a">xxi, 217 p. :</subfield>
    <subfield code="b">map ;</subfield>
    <subfield code="c">20 cm.</subfield>
  </datafield>
  <datafield ind1=" " ind2="0" tag="440">
    <subfield code="a">Marlborough's self-taught series</subfield>
  </datafield>
  <datafield ind1=" " ind2=" " tag="504">
    <subfield code="a">Includes bibliographical references (p. xi)</subfield>
  </datafield>
  <datafield ind1=" " ind2=" " tag="546">
    <subfield code="a">In English and Estonian.</subfield>
  </datafield>
  <datafield ind1=" " ind2=" " tag="590">
    <subfield code="a">est</subfield>
    <subfield code="2">Ethnologue 15 =ISO/DIS 639-3</subfield>
  </datafield>
  <datafield ind1=" " ind2="0" tag="650">
    <subfield code="a">Estonian language</subfield>
    <subfield code="v">Textbooks for foreign speakers</subfield>
    <subfield code="x">English.</subfield>
  </datafield>
  <datafield ind1=" " ind2="0" tag="650">
    <subfield code="a">Estonian language</subfield>
    <subfield code="v">Glossaries, vocabularies, etc.</subfield>
  </datafield>
  <datafield ind1=" " ind2="0" tag="650">
    <subfield code="a">Estonian language</subfield>
    <subfield code="v">Conversation and phrase books.</subfield>
  </datafield>
  <datafield ind1=" " ind2="0" tag="650">
    <subfield code="a">Estonian language</subfield>
    <subfield code="x">Grammar.</subfield>
  </datafield>
  <datafield ind1=" " ind2="0" tag="650">
    <subfield code="a">Estonian language</subfield>
    <subfield code="x">Self-instruction.</subfield>
  </datafield>
  <datafield ind1=" " ind2=" " tag="035">
    <subfield code="a">(TxDaGIAL)37741100029833</subfield>
  </datafield>
  <controlfield tag="005">20080624172615.0</controlfield>
  <controlfield tag="001">28138</controlfield>
  <controlfield tag="003">TxDaGIAL</controlfield>
  <datafield ind1=" " ind2=" " tag="852">
    <subfield code="p">37741100029833</subfield>
    <subfield code="a">Library</subfield>
    <subfield code="9">$0.00</subfield>
    <subfield code="x">FUND:Gift</subfield>
    <subfield code="x">COPYID:35140</subfield>
    <subfield code="x">FSC@aRegular@c20060511</subfield>
    <subfield code="h">494.54583421 C771e 1949</subfield>
    <subfield code="z">Gift John Sotrop 3-03</subfield>
  </datafield>
</record>