
<?xml version="1.0"?>
<record>
  <leader>01166nam a2200313 a 4500</leader>
  <controlfield tag="008">060428s1988    ii            000 0 eng d</controlfield>
  <datafield ind1=" " ind2=" " tag="040">
    <subfield code="a">TxDaGIAL</subfield>
    <subfield code="c">TxDaGIAL</subfield>
  </datafield>
  <datafield ind1="1" ind2=" " tag="041">
    <subfield code="a">engkan</subfield>
  </datafield>
  <datafield ind1="0" ind2="4" tag="082">
    <subfield code="a">494.814</subfield>
    <subfield code="2">22</subfield>
  </datafield>
  <datafield ind1="0" ind2=" " tag="100">
    <subfield code="a">Ranga Rao.</subfield>
  </datafield>
  <datafield ind1="1" ind2="0" tag="245">
    <subfield code="a">Learn Kannada in 30 days /</subfield>
    <subfield code="c">by Ranga Rao.</subfield>
  </datafield>
  <datafield ind1="3" ind2=" " tag="246">
    <subfield code="a">Learn Kannada in thirty days</subfield>
  </datafield>
  <datafield ind1="1" ind2="8" tag="246">
    <subfield code="a">Learn Kannada through English</subfield>
  </datafield>
  <datafield ind1=" " ind2=" " tag="250">
    <subfield code="a">11th ed.</subfield>
  </datafield>
  <datafield ind1=" " ind2=" " tag="260">
    <subfield code="a">Madras :</subfield>
    <subfield code="b">Balaji Publications,</subfield>
    <subfield code="c">1988.</subfield>
  </datafield>
  <datafield ind1=" " ind2=" " tag="300">
    <subfield code="a">160 p. ;</subfield>
    <subfield code="c">18 cm.</subfield>
  </datafield>
  <datafield ind1=" " ind2="0" tag="440">
    <subfield code="a">National integration language series</subfield>
  </datafield>
  <datafield ind1=" " ind2=" " tag="500">
    <subfield code="a">Spine title: Learn Kannada through English.</subfield>
  </datafield>
  <datafield ind1=" " ind2=" " tag="546">
    <subfield code="a">In English with parallel text in Kannada.</subfield>
  </datafield>
  <datafield ind1=" " ind2=" " tag="590">
    <subfield code="a">kan</subfield>
    <subfield code="2">Ethnologue 15 =ISO/DIS 639-3</subfield>
  </datafield>
  <datafield ind1=" " ind2="0" tag="650">
    <subfield code="a">Kannada language</subfield>
    <subfield code="v">Self-instruction</subfield>
    <subfield code="x">English.</subfield>
  </datafield>
  <datafield ind1=" " ind2="0" tag="650">
    <subfield code="a">Kannada language</subfield>
    <subfield code="v">Textbooks for foreign speakers</subfield>
    <subfield code="x">English.</subfield>
  </datafield>
  <datafield ind1=" " ind2="0" tag="650">
    <subfield code="a">Kannada language</subfield>
    <subfield code="v">Conversation and phrase books.</subfield>
  </datafield>
  <datafield ind1=" " ind2="0" tag="650">
    <subfield code="a">Kannada language</subfield>
    <subfield code="x">Grammar.</subfield>
  </datafield>
  <datafield ind1=" " ind2=" " tag="035">
    <subfield code="a">(TxDaGIAL)37741100029844</subfield>
  </datafield>
  <controlfield tag="005">20080624172615.0</controlfield>
  <controlfield tag="001">28140</controlfield>
  <controlfield tag="003">TxDaGIAL</controlfield>
  <datafield ind1=" " ind2=" " tag="852">
    <subfield code="p">37741100029844</subfield>
    <subfield code="a">Library</subfield>
    <subfield code="9">$0.00</subfield>
    <subfield code="x">FUND:Gift</subfield>
    <subfield code="x">COPYID:35142</subfield>
    <subfield code="x">FSC@aRegular@c20060511</subfield>
    <subfield code="h">494.814 R196L 1988</subfield>
    <subfield code="z">Gift John Sotrop 2-03</subfield>
  </datafield>
</record>