
<?xml version="1.0"?>
<record>
  <leader>01621cam a2200373 a 4500</leader>
  <controlfield tag="008">060608s2006    ch a          000 0 vie d</controlfield>
  <datafield ind1=" " ind2=" " tag="010">
    <subfield code="z">   94023360</subfield>
  </datafield>
  <datafield ind1=" " ind2=" " tag="020">
    <subfield code="a">9578845987 (pbk.)</subfield>
  </datafield>
  <datafield ind1=" " ind2=" " tag="035">
    <subfield code="a">(OCoLC)ocm70050438</subfield>
  </datafield>
  <datafield ind1=" " ind2=" " tag="040">
    <subfield code="a">IUA</subfield>
    <subfield code="c">IUA</subfield>
    <subfield code="d">TxDaGIAL</subfield>
  </datafield>
  <datafield ind1="0" ind2=" " tag="041">
    <subfield code="a">viechieng</subfield>
  </datafield>
  <datafield ind1=" " ind2=" " tag="043">
    <subfield code="a">a-vt---</subfield>
    <subfield code="a">a-ch---</subfield>
  </datafield>
  <datafield ind1=" " ind2=" " tag="049">
    <subfield code="a">IUAA</subfield>
  </datafield>
  <datafield ind1="0" ind2="4" tag="082">
    <subfield code="a">495/.17/249</subfield>
    <subfield code="2">22</subfield>
  </datafield>
  <datafield ind1="0" ind2=" " tag="082">
    <subfield code="a">495/.22</subfield>
    <subfield code="2">22</subfield>
  </datafield>
  <datafield ind1=" " ind2=" " tag="090">
    <subfield code="a">PL4375</subfield>
    <subfield code="b">.C45 2006</subfield>
  </datafield>
  <datafield ind1="1" ind2=" " tag="100">
    <subfield code="a">Chiung, Wi-vun Taiffalo.</subfield>
  </datafield>
  <datafield ind1="1" ind2="0" tag="245">
    <subfield code="a">Ch&#xA9;&#xF0;ng ta h &#x300;c ti&#xA9;&#x266D; ng &#x266F;&#xA9; i v&#xA9;  ti&#xA9;&#x266D; ng V&#xA9;&#x2BE;&#xF0;&#x300;&#xA3;t =</subfield>
    <subfield code="b">Khan-chhi&#xA9;&#xF0; &#xA9;&#x111;h T&#xA9;&#xD8;i-g&#xA9;&#x1AF; kap O&#xA9;&#x141;t-l&#xA9;&#xD8;m-g&#xA9;&#x1AF; = Let's learn Taiwanese and Vietnamese /</subfield>
    <subfield code="c">Wi-vun Taiffalo Chiung.</subfield>
  </datafield>
  <datafield ind1="3" ind2="1" tag="246">
    <subfield code="a">Khan-chhi&#xA9;&#xF0; &#xA9;&#x111;h T&#xA9;&#xD8;i-g&#xA9;&#x1AF; kap O&#xA9;&#x141;t-l&#xA9;&#xD8;m-g&#xA9;&#x1AF;</subfield>
  </datafield>
  <datafield ind1="3" ind2="1" tag="246">
    <subfield code="a">Let's learn Taiwanese and Vietnamese</subfield>
  </datafield>
  <datafield ind1=" " ind2=" " tag="260">
    <subfield code="a">Tainan :</subfield>
    <subfield code="b">National Cheng Kung University,</subfield>
    <subfield code="c">2006.</subfield>
  </datafield>
  <datafield ind1=" " ind2=" " tag="300">
    <subfield code="a">235 p. :</subfield>
    <subfield code="b">ill. ;</subfield>
    <subfield code="c">27 cm. +</subfield>
    <subfield code="e">1 computer optical disc (4 3/4 in.)</subfield>
  </datafield>
  <datafield ind1=" " ind2=" " tag="500">
    <subfield code="a">Taiwanese text in both romanized and Han script.</subfield>
  </datafield>
  <datafield ind1=" " ind2=" " tag="546">
    <subfield code="a">Text in Vietnamese, Taiwanese (Chinese, Min Nan), and English.</subfield>
  </datafield>
  <datafield ind1=" " ind2=" " tag="590">
    <subfield code="a">nan</subfield>
    <subfield code="2">Ethnologue 15 = ISO/DIS 639-3</subfield>
  </datafield>
  <datafield ind1=" " ind2="0" tag="650">
    <subfield code="a">Vietnamese language</subfield>
    <subfield code="v">Textbooks for foreign speakers</subfield>
    <subfield code="x">Taiwanese.</subfield>
  </datafield>
  <datafield ind1=" " ind2="0" tag="650">
    <subfield code="a">Southern Min dialects</subfield>
    <subfield code="z">Taiwan</subfield>
    <subfield code="v">Textbooks for foreign speakers</subfield>
    <subfield code="x">Vietnamese.</subfield>
  </datafield>
  <datafield ind1=" " ind2="0" tag="651">
    <subfield code="a">Taiwan</subfield>
    <subfield code="x">Languages</subfield>
    <subfield code="v">Textbooks for foreign speakers</subfield>
    <subfield code="x">Vietnamese.</subfield>
  </datafield>
  <datafield ind1=" " ind2="0" tag="650">
    <subfield code="a">Chinese language</subfield>
    <subfield code="x">Dialects</subfield>
    <subfield code="z">Taiwan.</subfield>
  </datafield>
  <datafield ind1=" " ind2=" " tag="035">
    <subfield code="a">(TxDaGIAL)37741100034307</subfield>
  </datafield>
  <controlfield tag="005">20080624172615.0</controlfield>
  <controlfield tag="001">28141</controlfield>
  <controlfield tag="003">TxDaGIAL</controlfield>
  <datafield ind1=" " ind2=" " tag="852">
    <subfield code="p">37741100034307</subfield>
    <subfield code="a">Library</subfield>
    <subfield code="9">$0.00</subfield>
    <subfield code="x">FUND:Gift</subfield>
    <subfield code="x">COPYID:35143</subfield>
    <subfield code="x">FSC@aRegular@c20061027</subfield>
    <subfield code="h">495.17249 C543c 2006</subfield>
    <subfield code="z">Gift Wi-vun Taiffalo Chiung 1-06</subfield>
  </datafield>
</record>