
<?xml version="1.0"?>
<record>
  <leader>01755cam a2200373 a 4500</leader>
  <controlfield tag="008">060403s2005    np b     bd   000 0 engo </controlfield>
  <datafield ind1=" " ind2=" " tag="010">
    <subfield code="a">  2006346818</subfield>
  </datafield>
  <datafield ind1=" " ind2=" " tag="020">
    <subfield code="a">9993352691</subfield>
  </datafield>
  <datafield ind1=" " ind2=" " tag="025">
    <subfield code="a">N-E-2006-346818; 07</subfield>
  </datafield>
  <datafield ind1=" " ind2=" " tag="037">
    <subfield code="b">Library of Congress -- New Delhi Overseas Office</subfield>
    <subfield code="c">Rs300.00</subfield>
  </datafield>
  <datafield ind1=" " ind2=" " tag="040">
    <subfield code="a">DLC</subfield>
    <subfield code="c">DLC</subfield>
    <subfield code="d">TxDaGIAL</subfield>
  </datafield>
  <datafield ind1="0" ind2=" " tag="041">
    <subfield code="a">tib</subfield>
    <subfield code="a">eng</subfield>
    <subfield code="a">nep</subfield>
  </datafield>
  <datafield ind1=" " ind2=" " tag="042">
    <subfield code="a">lcode</subfield>
  </datafield>
  <datafield ind1="0" ind2="0" tag="050">
    <subfield code="a">PL3801.J554 (P-PZ16)+</subfield>
  </datafield>
  <datafield ind1="0" ind2="4" tag="082">
    <subfield code="a">495.4/</subfield>
  </datafield>
  <datafield ind1="0" ind2="0" tag="245">
    <subfield code="a">Jirela-Nep&#x266F;l&#x266F;&#xB1;-A&#xA3;&#x300;grej&#x266F;&#xB1; &#xBF;abdako&#xBF;a =</subfield>
    <subfield code="b">Jirel-Nepali-English dictionary /</subfield>
    <subfield code="c">[compiler], Esther Strahm, Anita Maibaum.</subfield>
  </datafield>
  <datafield ind1="3" ind2="1" tag="246">
    <subfield code="a">Jirel-Nepali-English dictionary</subfield>
  </datafield>
  <datafield ind1=" " ind2=" " tag="260">
    <subfield code="a">Kathmandu :</subfield>
    <subfield code="b">Centre for Nepal and Asian Studies, Tribhuvan University,</subfield>
    <subfield code="c">2005.</subfield>
  </datafield>
  <datafield ind1=" " ind2=" " tag="300">
    <subfield code="a">xvi, 869 p. :</subfield>
    <subfield code="b">maps ;</subfield>
    <subfield code="c">25 cm.</subfield>
  </datafield>
  <datafield ind1="8" ind2=" " tag="505">
    <subfield code="a">Introduction -- Guide for the Jirel user of the dictionary -- Guide for the English user of the dictionary -- Jirel-Nepali-English dictionary -- English-Jirel index -- Semantic domains -- Guide to the parts of speech -- Guide to pronunciation -- Bibliography -- Publications in Jirel</subfield>
  </datafield>
  <datafield ind1=" " ind2=" " tag="546">
    <subfield code="a">Jirel, English, and Nepali.</subfield>
  </datafield>
  <datafield ind1=" " ind2=" " tag="504">
    <subfield code="a">Includes bibliographical references (p. 865-869)</subfield>
  </datafield>
  <datafield ind1=" " ind2=" " tag="590">
    <subfield code="a">jul</subfield>
    <subfield code="2">Ethnologue 15 = ISO/DIS 639-3</subfield>
  </datafield>
  <datafield ind1=" " ind2="0" tag="650">
    <subfield code="a">Jirel language</subfield>
    <subfield code="v">Dictionaries</subfield>
    <subfield code="x">Nepali.</subfield>
  </datafield>
  <datafield ind1=" " ind2="0" tag="650">
    <subfield code="a">Jirel language</subfield>
    <subfield code="v">Dictionaries</subfield>
    <subfield code="x">English.</subfield>
  </datafield>
  <datafield ind1=" " ind2="0" tag="650">
    <subfield code="a">English</subfield>
    <subfield code="v">Dictionaries</subfield>
    <subfield code="x">Jirel language.</subfield>
  </datafield>
  <datafield ind1="1" ind2=" " tag="700">
    <subfield code="a">Strahm, Esther,</subfield>
    <subfield code="d">1935-</subfield>
  </datafield>
  <datafield ind1="1" ind2=" " tag="700">
    <subfield code="a">Maibaum, Anita.</subfield>
  </datafield>
  <datafield ind1="2" ind2=" " tag="710">
    <subfield code="a">Tribhuvana Vi&#xBF;vavidy&#x266F;laya.</subfield>
    <subfield code="b">Nep&#x266F;la ra E&#xBF;iy&#x266F;l&#x266F;&#xB1; Anusandh&#x266F;na Kendra.</subfield>
  </datafield>
  <datafield ind1=" " ind2=" " tag="035">
    <subfield code="a">(TxDaGIAL)37741100034420</subfield>
  </datafield>
  <controlfield tag="005">20080624172616.0</controlfield>
  <controlfield tag="001">28142</controlfield>
  <controlfield tag="003">TxDaGIAL</controlfield>
  <datafield ind1=" " ind2=" " tag="852">
    <subfield code="p">37741100034420</subfield>
    <subfield code="a">Library</subfield>
    <subfield code="9">$0.00</subfield>
    <subfield code="x">FUND:Gift</subfield>
    <subfield code="x">COPYID:35144</subfield>
    <subfield code="x">FSC@aRegular@c20061206</subfield>
    <subfield code="h">495.4 J61s 2005</subfield>
    <subfield code="z">Gift SIL-South Asia Group 5-06</subfield>
  </datafield>
</record>