
<?xml version="1.0"?>
<record>
  <leader>01442nam a2200325 a 4500</leader>
  <controlfield tag="008">070510s1998    txu      d    001 0 eng d</controlfield>
  <datafield ind1=" " ind2=" " tag="020">
    <subfield code="a">1556710690</subfield>
  </datafield>
  <datafield ind1=" " ind2=" " tag="035">
    <subfield code="a">(OCLC) 53143283</subfield>
  </datafield>
  <datafield ind1=" " ind2=" " tag="040">
    <subfield code="a">TxDaGIAL</subfield>
    <subfield code="c">TxDaGIAL</subfield>
  </datafield>
  <datafield ind1="1" ind2=" " tag="041">
    <subfield code="a">engsitchi</subfield>
  </datafield>
  <datafield ind1="0" ind2="4" tag="082">
    <subfield code="a">495.4</subfield>
    <subfield code="2">22</subfield>
  </datafield>
  <datafield ind1=" " ind2=" " tag="094">
    <subfield code="a">495.4</subfield>
    <subfield code="2">22</subfield>
  </datafield>
  <datafield ind1="1" ind2=" " tag="100">
    <subfield code="a">Pinson, Thomas.</subfield>
  </datafield>
  <datafield ind1="1" ind2="0" tag="245">
    <subfield code="a">Naqxi-Habaq-Yiyu Geezheeq Ceeqhuil =</subfield>
    <subfield code="b">Naxi-Chinese-English Glossary : with English and Chinese Indexes /</subfield>
    <subfield code="c">Thomas M. Pinson.</subfield>
  </datafield>
  <datafield ind1="2" ind2=" " tag="246">
    <subfield code="a">Naxi-Chinese-English Glossary : with English and Chinese Indexes</subfield>
  </datafield>
  <datafield ind1=" " ind2=" " tag="260">
    <subfield code="a">Dallas, TX :</subfield>
    <subfield code="b">Summer Institute of Linguistics,</subfield>
    <subfield code="c">c1998.</subfield>
  </datafield>
  <datafield ind1=" " ind2=" " tag="300">
    <subfield code="a">xxix, 251 p. ;</subfield>
    <subfield code="c">21 cm.</subfield>
  </datafield>
  <datafield ind1=" " ind2=" " tag="546">
    <subfield code="a">Naxi terms with parallel text in English and Chinese.</subfield>
  </datafield>
  <datafield ind1=" " ind2=" " tag="590">
    <subfield code="a">nbf</subfield>
    <subfield code="2">Ethnologue 15 = ISO 639-3</subfield>
  </datafield>
  <datafield ind1=" " ind2="0" tag="650">
    <subfield code="a">Naxi language</subfield>
    <subfield code="v">Glossaries, vocabularies, etc.</subfield>
    <subfield code="x">English language.</subfield>
  </datafield>
  <datafield ind1=" " ind2="0" tag="650">
    <subfield code="a">Naxi language</subfield>
    <subfield code="v">Dictionaries</subfield>
    <subfield code="x">English language.</subfield>
  </datafield>
  <datafield ind1=" " ind2="0" tag="650">
    <subfield code="a">Naxi language</subfield>
    <subfield code="v">Glossaries, vocabularies, etc.</subfield>
    <subfield code="x">Chinese language.</subfield>
  </datafield>
  <datafield ind1=" " ind2="0" tag="650">
    <subfield code="a">Naxi language</subfield>
    <subfield code="v">Dictionaries</subfield>
    <subfield code="x">Chinese language.</subfield>
  </datafield>
  <datafield ind1=" " ind2="0" tag="650">
    <subfield code="a">English language</subfield>
    <subfield code="v">Glossaries, vocabularies, etc.</subfield>
    <subfield code="x">Naxi language.</subfield>
  </datafield>
  <datafield ind1=" " ind2="0" tag="650">
    <subfield code="a">Chinese language</subfield>
    <subfield code="v">Glossaries, vocabularies, etc.</subfield>
    <subfield code="x">Naxi language.</subfield>
  </datafield>
  <datafield ind1=" " ind2=" " tag="035">
    <subfield code="a">(TxDaGIAL)37741100034759</subfield>
  </datafield>
  <controlfield tag="005">20080624172616.0</controlfield>
  <controlfield tag="001">28143</controlfield>
  <controlfield tag="003">TxDaGIAL</controlfield>
  <datafield ind1=" " ind2=" " tag="852">
    <subfield code="p">37741100034759</subfield>
    <subfield code="a">Library</subfield>
    <subfield code="9">$0.00</subfield>
    <subfield code="x">FUND:Gift</subfield>
    <subfield code="x">COPYID:35145</subfield>
    <subfield code="x">FSC@aRegular@c20070525</subfield>
    <subfield code="h">495.4 P658n 1998</subfield>
    <subfield code="z">Gift SIL-Academic Publications 10-98</subfield>
  </datafield>
</record>