
<?xml version="1.0"?>
<record>
  <leader>01462nam a2200313 a 4500</leader>
  <controlfield tag="008">060522s1997    th a     abm  000 0 eng d</controlfield>
  <datafield ind1=" " ind2=" " tag="040">
    <subfield code="a">TxDaGIAL</subfield>
    <subfield code="c">TxDaGIAL</subfield>
  </datafield>
  <datafield ind1="1" ind2=" " tag="041">
    <subfield code="a">engnod</subfield>
    <subfield code="b">tha</subfield>
  </datafield>
  <datafield ind1="0" ind2="4" tag="082">
    <subfield code="a">495.919</subfield>
    <subfield code="2">22</subfield>
  </datafield>
  <datafield ind1="1" ind2=" " tag="100">
    <subfield code="a">Usitara Juntawieng.</subfield>
  </datafield>
  <datafield ind1="1" ind2="2" tag="245">
    <subfield code="a">A discourse study of a selection of the Northern Thai sermons of Phrakhru Sophon Boonyaphorn (Tuu Cok) /</subfield>
    <subfield code="c">by Usitara Juntawieng.</subfield>
  </datafield>
  <datafield ind1=" " ind2=" " tag="260">
    <subfield code="a">Chiang Mai, Thailand :</subfield>
    <subfield code="b">Payap University Linguistics Department,</subfield>
    <subfield code="c">1997.</subfield>
  </datafield>
  <datafield ind1=" " ind2=" " tag="300">
    <subfield code="a">vii, 162 p. :</subfield>
    <subfield code="b">ill. ;</subfield>
    <subfield code="c">23 cm.</subfield>
  </datafield>
  <datafield ind1=" " ind2="0" tag="440">
    <subfield code="a">PYU working papers in linguistics ;</subfield>
    <subfield code="v">2</subfield>
  </datafield>
  <datafield ind1=" " ind2="0" tag="440">
    <subfield code="a">PYU working papers in linguistics</subfield>
    <subfield code="p">Monograph ;</subfield>
    <subfield code="v">no. 1</subfield>
  </datafield>
  <datafield ind1=" " ind2=" " tag="504">
    <subfield code="a">Includes bibliographical references (p. 161-162)</subfield>
  </datafield>
  <datafield ind1=" " ind2=" " tag="500">
    <subfield code="a">Published version of author's MA thesis, Payap University, 1997.</subfield>
  </datafield>
  <datafield ind1=" " ind2=" " tag="500">
    <subfield code="a">Includes abstract.</subfield>
  </datafield>
  <datafield ind1=" " ind2=" " tag="546">
    <subfield code="a">English with interlinear text in Northern Thai and abstract in Thai.</subfield>
  </datafield>
  <datafield ind1=" " ind2=" " tag="590">
    <subfield code="a">nod</subfield>
    <subfield code="2">Ethnologue 15 = ISO/DIS 639-3</subfield>
  </datafield>
  <datafield ind1="1" ind2="0" tag="600">
    <subfield code="a">Sophon Boonyaphorn,</subfield>
    <subfield code="c">Phrakhru,</subfield>
    <subfield code="d">1934-</subfield>
    <subfield code="v">Sermons</subfield>
    <subfield code="x">Discourse analysis.</subfield>
  </datafield>
  <datafield ind1="1" ind2="0" tag="600">
    <subfield code="a">Tuu Cok,</subfield>
    <subfield code="d">1934-</subfield>
    <subfield code="v">Sermons</subfield>
    <subfield code="x">Discourse analysis.</subfield>
  </datafield>
  <datafield ind1=" " ind2="0" tag="650">
    <subfield code="a">Northern Thai language</subfield>
    <subfield code="x">Discourse analysis.</subfield>
  </datafield>
  <datafield ind1="2" ind2=" " tag="710">
    <subfield code="a">Mah&#x266F;witthay&#x266F;lai Ph&#x266F;yap.</subfield>
    <subfield code="b">Linguistics Department.</subfield>
  </datafield>
  <datafield ind1=" " ind2=" " tag="035">
    <subfield code="a">(TxDaGIAL)37741100029929</subfield>
  </datafield>
  <controlfield tag="005">20080624172617.0</controlfield>
  <controlfield tag="001">28145</controlfield>
  <controlfield tag="003">TxDaGIAL</controlfield>
  <datafield ind1=" " ind2=" " tag="852">
    <subfield code="p">37741100029929</subfield>
    <subfield code="a">Library</subfield>
    <subfield code="9">$0.00</subfield>
    <subfield code="x">FUND:Gift</subfield>
    <subfield code="x">COPYID:35147</subfield>
    <subfield code="x">FSC@aRegular@c20060606</subfield>
    <subfield code="h">495.919 U85d 1997</subfield>
    <subfield code="z">Gift Mainland S.E. Asia Group 12-02</subfield>
  </datafield>
</record>