
<?xml version="1.0"?>
<record>
  <leader>01466cam a2200373 a 4500</leader>
  <controlfield tag="008">040116s1998    th       d    000 0 vieo </controlfield>
  <datafield ind1=" " ind2=" " tag="010">
    <subfield code="a">  2003318146</subfield>
  </datafield>
  <datafield ind1=" " ind2=" " tag="020">
    <subfield code="a">9746614614</subfield>
  </datafield>
  <datafield ind1=" " ind2=" " tag="025">
    <subfield code="a">Th-Th-2003-318146</subfield>
  </datafield>
  <datafield ind1=" " ind2=" " tag="035">
    <subfield code="a">(DLC)  2003318146</subfield>
  </datafield>
  <datafield ind1=" " ind2=" " tag="037">
    <subfield code="b">Library of Congress -- New Delhi Overseas Office</subfield>
  </datafield>
  <datafield ind1=" " ind2=" " tag="040">
    <subfield code="a">DLC</subfield>
    <subfield code="c">DLC</subfield>
    <subfield code="d">TxDaGIAL</subfield>
  </datafield>
  <datafield ind1="0" ind2=" " tag="041">
    <subfield code="a">viethaeng</subfield>
  </datafield>
  <datafield ind1=" " ind2=" " tag="042">
    <subfield code="a">lcode</subfield>
  </datafield>
  <datafield ind1="0" ind2="0" tag="050">
    <subfield code="a">PL4377</subfield>
    <subfield code="b">.S89 1998</subfield>
  </datafield>
  <datafield ind1="0" ind2="4" tag="082">
    <subfield code="a">495.922</subfield>
    <subfield code="2">22</subfield>
  </datafield>
  <datafield ind1="0" ind2=" " tag="100">
    <subfield code="a">Suwilai Pr&#x266F;ms&#x266F;&#xB1;rat.</subfield>
  </datafield>
  <datafield ind1="1" ind2="0" tag="245">
    <subfield code="a">Sapthanukrom Wiatnam-Thai-Angkrit =</subfield>
    <subfield code="b">Vietnamese-Thai-English thesaurus /</subfield>
    <subfield code="c">Suwilai Pr&#x266F;ms&#x266F;&#xB1;rat, &#x266F;hin Sieo Thin, Mayur&#x266F;&#xB1; Th&#x266F; w onphat.</subfield>
  </datafield>
  <datafield ind1="3" ind2="3" tag="246">
    <subfield code="a">Vietnamese-Thai-English thesaurus</subfield>
  </datafield>
  <datafield ind1=" " ind2=" " tag="250">
    <subfield code="a">Phim khrang th&#x266F;&#xB1; 1.</subfield>
  </datafield>
  <datafield ind1=" " ind2=" " tag="260">
    <subfield code="a">[Nakhon Pathom] :</subfield>
    <subfield code="b">Sath&#x266F;ban Wi&#x266F;hai Ph&#x266F;s&#x266F; l&#xA9;&#x152; Watthanatham ph &#xA1;&#x2BB;a Phatthan&#x266F; Chonnabot, Mah&#x266F;witthay&#x266F;lai Mahidon,</subfield>
    <subfield code="c">2541 [1998]</subfield>
  </datafield>
  <datafield ind1=" " ind2=" " tag="300">
    <subfield code="a">xvii, 236 p. ;</subfield>
    <subfield code="c">25 cm.</subfield>
  </datafield>
  <datafield ind1=" " ind2=" " tag="546">
    <subfield code="a">Vietnamese, Thai, and English.</subfield>
  </datafield>
  <datafield ind1=" " ind2=" " tag="590">
    <subfield code="a">vie</subfield>
    <subfield code="2">Ethnologue 15 = ISO/DIS 639-3</subfield>
  </datafield>
  <datafield ind1=" " ind2=" " tag="590">
    <subfield code="a">tha</subfield>
    <subfield code="2">Ethnologue 15 = ISO/DIS 639-3</subfield>
  </datafield>
  <datafield ind1=" " ind2="0" tag="650">
    <subfield code="a">Vietnamese language</subfield>
    <subfield code="v">Dictionaries</subfield>
    <subfield code="x">Thai.</subfield>
  </datafield>
  <datafield ind1=" " ind2="0" tag="650">
    <subfield code="a">Vietnamese language</subfield>
    <subfield code="v">Dictionaries</subfield>
    <subfield code="x">English.</subfield>
  </datafield>
  <datafield ind1="1" ind2=" " tag="700">
    <subfield code="a">&#x266F;hin, S&#x266F;&#xB1;eo Thin.</subfield>
  </datafield>
  <datafield ind1="0" ind2=" " tag="700">
    <subfield code="a">Mayur&#x266F;&#xB1; Th&#x266F; w&#xBF;nphat.</subfield>
  </datafield>
  <datafield ind1=" " ind2=" " tag="035">
    <subfield code="a">(TxDaGIAL)37741100029665</subfield>
  </datafield>
  <controlfield tag="005">20080624172617.0</controlfield>
  <controlfield tag="001">28146</controlfield>
  <controlfield tag="003">TxDaGIAL</controlfield>
  <datafield ind1=" " ind2=" " tag="852">
    <subfield code="p">37741100029665</subfield>
    <subfield code="a">Library</subfield>
    <subfield code="9">$0.00</subfield>
    <subfield code="x">FUND:Gift</subfield>
    <subfield code="x">COPYID:35148</subfield>
    <subfield code="x">FSC@aRegular@c20060320</subfield>
    <subfield code="h">495.922 S967s 1998</subfield>
    <subfield code="z">Gift David Thomas 8-05</subfield>
  </datafield>
</record>