
<?xml version="1.0"?>
<record>
  <leader>01332ctm a2200361 a 4500</leader>
  <controlfield tag="006">m        b        </controlfield>
  <controlfield tag="007">cr aa ---aaaaa</controlfield>
  <controlfield tag="008">030227s2002    xx ab    abm  000 0deng d</controlfield>
  <datafield ind1=" " ind2=" " tag="035">
    <subfield code="a">(OCoLC)ocm51760398</subfield>
  </datafield>
  <datafield ind1=" " ind2=" " tag="040">
    <subfield code="a">IUA</subfield>
    <subfield code="c">IUA</subfield>
    <subfield code="d">TxDaGIAL</subfield>
  </datafield>
  <datafield ind1="0" ind2=" " tag="041">
    <subfield code="a">engmkh</subfield>
  </datafield>
  <datafield ind1=" " ind2=" " tag="049">
    <subfield code="a">IUAA</subfield>
  </datafield>
  <datafield ind1="0" ind2="4" tag="082">
    <subfield code="a">495.93</subfield>
    <subfield code="2">22</subfield>
  </datafield>
  <datafield ind1=" " ind2=" " tag="090">
    <subfield code="a">LD5315 2002</subfield>
    <subfield code="b">.O94</subfield>
  </datafield>
  <datafield ind1="1" ind2=" " tag="100">
    <subfield code="a">Owen, James Edmond.</subfield>
  </datafield>
  <datafield ind1="1" ind2="2" tag="245">
    <subfield code="a">A discourse analysis of two Stieng narratives</subfield>
    <subfield code="h">[manuscript] /</subfield>
    <subfield code="c">by James Edmond Owen II.</subfield>
  </datafield>
  <datafield ind1=" " ind2=" " tag="260">
    <subfield code="c">2002.</subfield>
  </datafield>
  <datafield ind1=" " ind2=" " tag="300">
    <subfield code="a">xii, 178 leaves :</subfield>
    <subfield code="b">ill., maps ;</subfield>
    <subfield code="c">29 cm.</subfield>
  </datafield>
  <datafield ind1=" " ind2=" " tag="504">
    <subfield code="a">Includes bibliographical references (leaves 175-177)</subfield>
  </datafield>
  <datafield ind1=" " ind2=" " tag="502">
    <subfield code="a">Thesis (M.A.)--University of Texas at Arlington, 2002.</subfield>
  </datafield>
  <datafield ind1=" " ind2=" " tag="500">
    <subfield code="a">Includes abstract and vita.</subfield>
  </datafield>
  <datafield ind1=" " ind2=" " tag="500">
    <subfield code="a">Typescript.</subfield>
  </datafield>
  <datafield ind1=" " ind2=" " tag="546">
    <subfield code="a">English with interlinear text in Budeh Stieng language.</subfield>
  </datafield>
  <datafield ind1=" " ind2=" " tag="590">
    <subfield code="a">stt</subfield>
    <subfield code="2">Ethnologue 15 = ISO/DIS 639-3</subfield>
  </datafield>
  <datafield ind1=" " ind2="0" tag="650">
    <subfield code="a">Stieng language.</subfield>
  </datafield>
  <datafield ind1=" " ind2="0" tag="650">
    <subfield code="a">Stieng language</subfield>
    <subfield code="x">Discourse analysis.</subfield>
  </datafield>
  <datafield ind1=" " ind2="0" tag="651">
    <subfield code="a">Vietnam</subfield>
    <subfield code="x">Languages.</subfield>
  </datafield>
  <datafield ind1="2" ind2="0" tag="610">
    <subfield code="a">University of Texas at Arlington.</subfield>
    <subfield code="b">Graduate School</subfield>
    <subfield code="x">Thesis.</subfield>
  </datafield>
  <datafield ind1=" " ind2=" " tag="035">
    <subfield code="a">(TxDaGIAL)37741100029951</subfield>
  </datafield>
  <controlfield tag="005">20080624172619.0</controlfield>
  <controlfield tag="001">28148</controlfield>
  <controlfield tag="003">TxDaGIAL</controlfield>
  <datafield ind1=" " ind2=" " tag="852">
    <subfield code="p">37741100029951</subfield>
    <subfield code="a">Library</subfield>
    <subfield code="9">$0.00</subfield>
    <subfield code="x">FUND:Gift</subfield>
    <subfield code="x">COPYID:35150</subfield>
    <subfield code="x">FSC@aRegular@c20060623</subfield>
    <subfield code="h">495.93 O97d 2002</subfield>
    <subfield code="z">Gift SIL-Language and Culture Archives 10-03</subfield>
  </datafield>
</record>