
<?xml version="1.0"?>
<record>
  <leader>01471nam a2200325 a 4500</leader>
  <controlfield tag="008">950925s1995    dk a     bd   000 0 eng d</controlfield>
  <datafield ind1=" " ind2=" " tag="020">
    <subfield code="a">8772892943</subfield>
  </datafield>
  <datafield ind1=" " ind2=" " tag="035">
    <subfield code="a">(OCoLC)33196599</subfield>
  </datafield>
  <datafield ind1=" " ind2=" " tag="040">
    <subfield code="a">AZS</subfield>
    <subfield code="c">AZS</subfield>
    <subfield code="d">GZM</subfield>
    <subfield code="d">TxDaGIAL</subfield>
  </datafield>
  <datafield ind1="0" ind2=" " tag="041">
    <subfield code="a">engmkh</subfield>
  </datafield>
  <datafield ind1=" " ind2=" " tag="043">
    <subfield code="a">ai-----</subfield>
  </datafield>
  <datafield ind1="0" ind2="4" tag="082">
    <subfield code="a">495.93</subfield>
    <subfield code="2">22</subfield>
  </datafield>
  <datafield ind1=" " ind2=" " tag="090">
    <subfield code="a">PL4309.5.M55</subfield>
    <subfield code="b">R58 1995</subfield>
  </datafield>
  <datafield ind1="1" ind2=" " tag="100">
    <subfield code="a">Rischel, J&#xA9;&#x131;rgen.</subfield>
  </datafield>
  <datafield ind1="1" ind2="0" tag="245">
    <subfield code="a">Minor Mlabri :</subfield>
    <subfield code="b">a hunter-gatherer language of northern Indochina /</subfield>
    <subfield code="c">by J&#xA9;&#x131;rgen Rischel.</subfield>
  </datafield>
  <datafield ind1=" " ind2=" " tag="260">
    <subfield code="a">Copenhagen :</subfield>
    <subfield code="b">Museum Tusculanum Press, University of Copenhagen,</subfield>
    <subfield code="c">c1995.</subfield>
  </datafield>
  <datafield ind1=" " ind2=" " tag="300">
    <subfield code="a">367 p. :</subfield>
    <subfield code="b">col. ill. ;</subfield>
    <subfield code="c">25 cm.</subfield>
  </datafield>
  <datafield ind1=" " ind2=" " tag="504">
    <subfield code="a">Includes bibliographical references (p. [363]-367)</subfield>
  </datafield>
  <datafield ind1="0" ind2=" " tag="505">
    <subfield code="a">The language and its speakers -- The linguistic scenario -- A phonological sketch -- The Mlabri word -- Syntax -- The selection of lexical information --  Mlabri-English dictionary -- English-Mlabri word index.</subfield>
  </datafield>
  <datafield ind1=" " ind2=" " tag="546">
    <subfield code="a">Text in English with Mlabri-English dictionary.</subfield>
  </datafield>
  <datafield ind1=" " ind2=" " tag="590">
    <subfield code="a">mra</subfield>
    <subfield code="2">Ethnologue 15 = ISO/DIS 639-3</subfield>
  </datafield>
  <datafield ind1=" " ind2="0" tag="650">
    <subfield code="a">Mlabri language.</subfield>
  </datafield>
  <datafield ind1=" " ind2="0" tag="650">
    <subfield code="a">Mon-Khmer languages</subfield>
    <subfield code="z">Indochina</subfield>
    <subfield code="z">Northern Region.</subfield>
  </datafield>
  <datafield ind1=" " ind2="0" tag="650">
    <subfield code="a">Phi Tong Luang (Southeast Asian people)</subfield>
    <subfield code="z">Indochina</subfield>
    <subfield code="z">Northern Region</subfield>
    <subfield code="x">Languages.</subfield>
  </datafield>
  <datafield ind1=" " ind2="0" tag="650">
    <subfield code="a">Mlabri language</subfield>
    <subfield code="v">Dictionaries</subfield>
    <subfield code="x">English.</subfield>
  </datafield>
  <datafield ind1=" " ind2=" " tag="035">
    <subfield code="a">(TxDaGIAL)37741100029156</subfield>
  </datafield>
  <controlfield tag="005">20080624172619.0</controlfield>
  <controlfield tag="001">28149</controlfield>
  <controlfield tag="003">TxDaGIAL</controlfield>
  <datafield ind1=" " ind2=" " tag="852">
    <subfield code="p">37741100029156</subfield>
    <subfield code="a">Library</subfield>
    <subfield code="9">$0.00</subfield>
    <subfield code="x">FUND:Gift</subfield>
    <subfield code="x">COPYID:35151</subfield>
    <subfield code="x">FSC@aRegular@c20051205</subfield>
    <subfield code="h">495.93 R595m 1995</subfield>
    <subfield code="z">Gift David Thomas 8-05</subfield>
  </datafield>
</record>