
<?xml version="1.0"?>
<record>
  <leader>01777nam a2200397 a 4500</leader>
  <controlfield tag="008">981107s1994    ls a     bd  f000 0 mkho </controlfield>
  <datafield ind1=" " ind2=" " tag="010">
    <subfield code="a">   96949333</subfield>
  </datafield>
  <datafield ind1=" " ind2=" " tag="025">
    <subfield code="a">Lao-00257</subfield>
  </datafield>
  <datafield ind1=" " ind2=" " tag="037">
    <subfield code="b">Library of Congress -- New Delhi Field Office</subfield>
  </datafield>
  <datafield ind1=" " ind2=" " tag="040">
    <subfield code="a">DLC</subfield>
    <subfield code="c">DLC</subfield>
    <subfield code="d">TxDaGIAL</subfield>
  </datafield>
  <datafield ind1="0" ind2=" " tag="041">
    <subfield code="a">mkhlaofreeng</subfield>
  </datafield>
  <datafield ind1=" " ind2=" " tag="042">
    <subfield code="a">lcode</subfield>
  </datafield>
  <datafield ind1="0" ind2="0" tag="050">
    <subfield code="a">PL4351.K6</subfield>
    <subfield code="b">S85 1994</subfield>
  </datafield>
  <datafield ind1="0" ind2="4" tag="082">
    <subfield code="a">495.93</subfield>
    <subfield code="2">22</subfield>
  </datafield>
  <datafield ind1="0" ind2=" " tag="100">
    <subfield code="a">Suksav&#x266F;ng S&#x266F;&#xB1;m&#x266F;na.</subfield>
  </datafield>
  <datafield ind1="1" ind2="0" tag="245">
    <subfield code="a">P&#xA1;&#x2BB;m p &#x110; h&#xA1;&#x2BB;ral o K&#xA1;&#x2BB;mmu-L&#x266F;o-Farang-  Angkit =</subfield>
    <subfield code="b">Kmhmu  -Lao-French-English dictionary /</subfield>
    <subfield code="c">Suksavang Simana, Somseng Sayavong, Elisabeth Preisig = Vatchan&#x266F;nukom Khamu-L&#x266F;o-Falang-  Angkit = Dictionnaire kmhmu  -lao-fran &#x152;cais-anglais / h&#x266F;&#xB1;aph&#x266F;&#xB1;ang d&#xBF;i Suksav&#x266F;ng S&#x266F;&#xB1;m&#x266F;na, Soms &#x110;ng Saiyavong   &#x266F;l&#x266F;&#xB1;s&#x266F;bet Phaisik.</subfield>
  </datafield>
  <datafield ind1="3" ind2="1" tag="246">
    <subfield code="a">Kmhmu &#xA3;-Lao-French-English dictionary</subfield>
  </datafield>
  <datafield ind1="3" ind2="1" tag="246">
    <subfield code="a">Vatchan&#x266F;nukom Khamu-L&#x266F;o-Falang-  Angkit</subfield>
  </datafield>
  <datafield ind1="3" ind2="1" tag="246">
    <subfield code="a">Dictionnaire kmhmu &#xA3;-lao-fran &#x152;cais-anglais</subfield>
  </datafield>
  <datafield ind1=" " ind2=" " tag="260">
    <subfield code="a">[Vientiane] :</subfield>
    <subfield code="b">Kas&#xBF;&#xB1;ang Thal &#x110;ng Kh&#x266F;o l&#xA9;&#x152; Vatthanatham, Sath&#x266F;ban Khonkhw&#x266F; Vatthanatham,</subfield>
    <subfield code="c">1994.</subfield>
  </datafield>
  <datafield ind1=" " ind2=" " tag="300">
    <subfield code="a">429 p. :</subfield>
    <subfield code="b">ill. ;</subfield>
    <subfield code="c">24 cm.</subfield>
  </datafield>
  <datafield ind1=" " ind2=" " tag="546">
    <subfield code="a">Khmu', Lao, French and English.</subfield>
  </datafield>
  <datafield ind1=" " ind2=" " tag="590">
    <subfield code="a">kjg</subfield>
    <subfield code="2">Ethnologue 15 = ISO/DIS 639-3</subfield>
  </datafield>
  <datafield ind1=" " ind2=" " tag="590">
    <subfield code="a">lao</subfield>
    <subfield code="2">Ethnologue 15 = ISO/DIS 639-3</subfield>
  </datafield>
  <datafield ind1=" " ind2=" " tag="590">
    <subfield code="a">tha</subfield>
    <subfield code="2">Ethnologue 15 = ISO/DIS 639-3</subfield>
  </datafield>
  <datafield ind1=" " ind2="0" tag="650">
    <subfield code="a">Khmu' language</subfield>
    <subfield code="v">Dictionaries</subfield>
    <subfield code="x">Lao.</subfield>
  </datafield>
  <datafield ind1=" " ind2="0" tag="650">
    <subfield code="a">Khmu' language</subfield>
    <subfield code="v">Dictionaries</subfield>
    <subfield code="x">French.</subfield>
  </datafield>
  <datafield ind1=" " ind2="0" tag="650">
    <subfield code="a">Khmu' language</subfield>
    <subfield code="v">Dictionaries</subfield>
    <subfield code="x">English.</subfield>
  </datafield>
  <datafield ind1="0" ind2=" " tag="700">
    <subfield code="a">Soms &#x110;ng Saiyavong.</subfield>
  </datafield>
  <datafield ind1="1" ind2=" " tag="700">
    <subfield code="a">Preisig, Elisabeth.</subfield>
  </datafield>
  <datafield ind1="2" ind2=" " tag="710">
    <subfield code="a">Sath&#x266F;ban Khonkhw&#x266F; Vatthanatham L&#x266F;o.</subfield>
  </datafield>
  <datafield ind1=" " ind2=" " tag="035">
    <subfield code="a">(TxDaGIAL)37741100029670</subfield>
  </datafield>
  <controlfield tag="005">20080624172620.0</controlfield>
  <controlfield tag="001">28150</controlfield>
  <controlfield tag="003">TxDaGIAL</controlfield>
  <datafield ind1=" " ind2=" " tag="852">
    <subfield code="p">37741100029670</subfield>
    <subfield code="a">Library</subfield>
    <subfield code="9">$0.00</subfield>
    <subfield code="x">FUND:Gift</subfield>
    <subfield code="x">COPYID:35152</subfield>
    <subfield code="x">FSC@aRegular@c20060320</subfield>
    <subfield code="h">495.93 S948p 1994</subfield>
    <subfield code="z">Gift David Thomas 8-05</subfield>
  </datafield>
</record>