
<?xml version="1.0"?>
<record>
  <leader>01711nam a2200373 a 4500</leader>
  <controlfield tag="008">940811s1993    th b     bd  f001 0 thao </controlfield>
  <datafield ind1=" " ind2=" " tag="010">
    <subfield code="a">   94915531</subfield>
  </datafield>
  <datafield ind1=" " ind2=" " tag="020">
    <subfield code="a">9745876593 :</subfield>
    <subfield code="c">$60.00 (U.S.)</subfield>
  </datafield>
  <datafield ind1=" " ind2=" " tag="025">
    <subfield code="a">Th-Th-16961</subfield>
  </datafield>
  <datafield ind1=" " ind2=" " tag="040">
    <subfield code="a">DLC</subfield>
    <subfield code="c">DLC</subfield>
    <subfield code="d">TxDaGIAL</subfield>
  </datafield>
  <datafield ind1="0" ind2=" " tag="041">
    <subfield code="a">thamkheng</subfield>
  </datafield>
  <datafield ind1=" " ind2=" " tag="042">
    <subfield code="a">lcode</subfield>
  </datafield>
  <datafield ind1="0" ind2="0" tag="050">
    <subfield code="a">PL4187</subfield>
    <subfield code="b">.S85 1993</subfield>
  </datafield>
  <datafield ind1="0" ind2="4" tag="082">
    <subfield code="a">495.93</subfield>
    <subfield code="2">22</subfield>
  </datafield>
  <datafield ind1="0" ind2=" " tag="100">
    <subfield code="a">Suwilai Pr&#x266F;ms&#x266F;&#xB1;rat.</subfield>
  </datafield>
  <datafield ind1="1" ind2="0" tag="245">
    <subfield code="a">Phot&#x266F;han&#x266F;nukrom Thai Khamu-  Angkrit =</subfield>
    <subfield code="b">Thai-Khmu-English dictionary /</subfield>
    <subfield code="c">Suwilai Pr&#x266F;ms&#x266F;&#xB1;rat ph&#xBF;&#xB1;wi&#x266F;hai l&#xA9;&#x152; r&#xBF;&#xB1;apr&#xBF;&#xB1;am ; Mayur&#x266F;&#xB1; Ph&#xBF;&#xB1;aphansutd&#x266F;&#xB1; ph&#xBF;&#xB1;ch&#xBF;&#xB1;ai wi&#x266F;hai l&#xA9;&#x152; &#x266F;hattham rabop k h&#xBF;m&#xBF;&#xB1;n k h&#xBF;mphiut &#xBF;.</subfield>
  </datafield>
  <datafield ind1="0" ind2=" " tag="246">
    <subfield code="a">Thai-Khmu-English dictionary</subfield>
  </datafield>
  <datafield ind1=" " ind2=" " tag="260">
    <subfield code="a">[Nakhon Pathom] :</subfield>
    <subfield code="b">Sath&#x266F;ban Wi&#x266F;hai Ph&#x266F;s&#x266F; l&#xA9;&#x152; Watthanatham ph &#xA1;&#x2BB;a Phatthan&#x266F; Chonnabot, Mah&#x266F;witthay&#x266F;lai Mahidon,</subfield>
    <subfield code="c">2536 [1993]</subfield>
  </datafield>
  <datafield ind1=" " ind2=" " tag="300">
    <subfield code="a">53, 768 p. :</subfield>
    <subfield code="b">map ;</subfield>
    <subfield code="c">26 cm.</subfield>
  </datafield>
  <datafield ind1=" " ind2=" " tag="504">
    <subfield code="a">Includes bibliographical references (p. 52-53 (1st group)) and indexes.</subfield>
  </datafield>
  <datafield ind1=" " ind2=" " tag="546">
    <subfield code="a">Thai, Khmu', and English, (Khmu in roman and Thai scripts)</subfield>
  </datafield>
  <datafield ind1=" " ind2=" " tag="590">
    <subfield code="a">kjg</subfield>
    <subfield code="2">Ethnologue 15 = ISO/DIS 639-3</subfield>
  </datafield>
  <datafield ind1=" " ind2=" " tag="590">
    <subfield code="a">tha</subfield>
    <subfield code="2">Ethnologue 15 = ISO/DIS 639-3</subfield>
  </datafield>
  <datafield ind1=" " ind2="0" tag="650">
    <subfield code="a">Thai language</subfield>
    <subfield code="v">Dictionaries</subfield>
    <subfield code="x">Khmu'</subfield>
  </datafield>
  <datafield ind1=" " ind2="0" tag="650">
    <subfield code="a">Thai language</subfield>
    <subfield code="v">Dictionaries</subfield>
    <subfield code="x">English.</subfield>
  </datafield>
  <datafield ind1=" " ind2="0" tag="650">
    <subfield code="a">Khmu' language</subfield>
    <subfield code="v">Dictionaries</subfield>
    <subfield code="x">Thai.</subfield>
  </datafield>
  <datafield ind1=" " ind2="0" tag="650">
    <subfield code="a">Khmu' language</subfield>
    <subfield code="v">Dictionaries</subfield>
    <subfield code="x">English.</subfield>
  </datafield>
  <datafield ind1="0" ind2=" " tag="700">
    <subfield code="a">Mayur&#x266F;&#xB1; Ph&#xBF;&#xB1;aphansutd&#x266F;&#xB1;.</subfield>
  </datafield>
  <datafield ind1="2" ind2=" " tag="710">
    <subfield code="a">Mah&#x266F;witthay&#x266F;lai Mahidon.</subfield>
    <subfield code="b">Sath&#x266F;ban Wi&#x266F;hai Ph&#x266F;s&#x266F; l&#xA9;&#x152; Watthanatham ph &#xA1;&#x2BB;a Phatthan&#x266F; Chonnabot.</subfield>
  </datafield>
  <datafield ind1=" " ind2=" " tag="035">
    <subfield code="a">(TxDaGIAL)37741100029669</subfield>
  </datafield>
  <controlfield tag="005">20080624172620.0</controlfield>
  <controlfield tag="001">28151</controlfield>
  <controlfield tag="003">TxDaGIAL</controlfield>
  <datafield ind1=" " ind2=" " tag="852">
    <subfield code="p">37741100029669</subfield>
    <subfield code="a">Library</subfield>
    <subfield code="9">$0.00</subfield>
    <subfield code="x">FUND:Gift</subfield>
    <subfield code="x">COPYID:35153</subfield>
    <subfield code="x">FSC@aRegular@c20060320</subfield>
    <subfield code="h">495.93 S967p 1993</subfield>
    <subfield code="z">Gift David Thomas 8-05</subfield>
  </datafield>
</record>