
<?xml version="1.0"?>
<record>
  <leader>03594nam a2200373 a 4500</leader>
  <controlfield tag="008">060926s                      001 0 eng d</controlfield>
  <datafield ind1=" " ind2=" " tag="040">
    <subfield code="a">TxDaGIAL</subfield>
    <subfield code="c">TxDaGIAL</subfield>
  </datafield>
  <datafield ind1="1" ind2=" " tag="041">
    <subfield code="a">engfremul</subfield>
  </datafield>
  <datafield ind1="0" ind2="4" tag="082">
    <subfield code="a">496</subfield>
    <subfield code="2">22</subfield>
  </datafield>
  <datafield ind1="2" ind2=" " tag="111">
    <subfield code="a">African Language Studies in Transition Conference</subfield>
    <subfield code="d">(1995 :</subfield>
    <subfield code="c">University of Maryland Eastern Shore)</subfield>
  </datafield>
  <datafield ind1="1" ind2="0" tag="245">
    <subfield code="a">African Language Studies in Transition Conference Proceedings :</subfield>
    <subfield code="b">University of Maryland Eastern Shore, September 28-30, 1995. /</subfield>
    <subfield code="c">Akinsola Akiwowo [et al.].</subfield>
  </datafield>
  <datafield ind1="3" ind2=" " tag="246">
    <subfield code="a">African Language Project</subfield>
  </datafield>
  <datafield ind1=" " ind2=" " tag="260">
    <subfield code="a">[S.l. :</subfield>
    <subfield code="b">s.n.],</subfield>
    <subfield code="c">[1995?]</subfield>
  </datafield>
  <datafield ind1=" " ind2=" " tag="300">
    <subfield code="a">221 p. :</subfield>
    <subfield code="b">ill., map ;</subfield>
    <subfield code="c">28 cm.</subfield>
  </datafield>
  <datafield ind1=" " ind2=" " tag="504">
    <subfield code="a">Includes bibliographical references.</subfield>
  </datafield>
  <datafield ind1=" " ind2=" " tag="500">
    <subfield code="a">Cover title.</subfield>
  </datafield>
  <datafield ind1=" " ind2=" " tag="500">
    <subfield code="a">At head of title: African Language Project.</subfield>
  </datafield>
  <datafield ind1="8" ind2=" " tag="505">
    <subfield code="a">African languages and applications to technology development / Akinsola Akiwowo -- Proficiency test guidelines for African languages: Swahili / Joe Amoako -- Issues of writing in African languages: Ghanaian perspective / Joe Amoako -- The significance of indigenous languages in Nigeria's political history / Adeline Apena -- First language instruction in Cameroon: a lesson learned or new wine in an old calabash? / Funwi Ayuninjam -- Diglossia and transactions in Sierra Leone / Abdul Bangura -- The limitation of the pedagogical approach for training students in African languages: perspectives from andragogy / Abdul Bangura -- Preserving Wolof as a language / Sana Camara -- Strange languages and stranger experts: the Igbo dictionary project / Michael Echeruo -- African language studies at universities: aspects of the South African situation / N. C. P. Golele -- Multilingualism and language learning in the African context: the case of the Gambian child / Alieu Jobe -- The struggle to control language in French West Africa, 1900-1946 / James Jones -- African language instruction in the United States: old challenges, new ideas / Omar Ka -- Teaching African languages as a medium for cultural decolonization / Julian Kunnie -- African language teaching in the universities / Crispin Tshibangu Mashinda -- Teaching African languages: a culture based approach; a case for Setswana as a university discipline / D. S. Matjila -- African languages and the restoration of the past: the nexus of language, form, and technique / M. A. McMaster -- Revisioning the past: the convergence of oral tradition, gender and language; politics in Peninah Muhando's Nguzo Mama / Katwiwa Mule -- Teaching and learning Kiswahili as a second language: a conscious-cross-cultural awareness approach / Masila Mutisya -- Kin Kiese?: communities and communication in V.Y. Mudimbe's Le Bel Immonde / Jonathan Ngate -- Language, identity, development and diplomacy in Africa: the urgent need for a Lingua Franca / Emeka Nwadiora -- Getting the chief of my village t</subfield>
  </datafield>
  <datafield ind1=" " ind2=" " tag="546">
    <subfield code="a">English with text in French and various African languages.</subfield>
  </datafield>
  <datafield ind1=" " ind2=" " tag="590">
    <subfield code="a">aka</subfield>
    <subfield code="2">Ethnologue 15 = ISO/DIS 639-3</subfield>
  </datafield>
  <datafield ind1=" " ind2=" " tag="590">
    <subfield code="a">lub</subfield>
    <subfield code="2">Ethnologue 15 = ISO/DIS 639-3</subfield>
  </datafield>
  <datafield ind1=" " ind2=" " tag="590">
    <subfield code="a">swh</subfield>
    <subfield code="2">Ethnologue 15 = ISO/DIS 639-3</subfield>
  </datafield>
  <datafield ind1=" " ind2=" " tag="590">
    <subfield code="a">wol</subfield>
    <subfield code="2">Ethnologue 15 = ISO/DIS 639-3</subfield>
  </datafield>
  <datafield ind1=" " ind2=" " tag="590">
    <subfield code="a">yor</subfield>
    <subfield code="2">Ethnologue 15 = ISO/DIS 639-3</subfield>
  </datafield>
  <datafield ind1=" " ind2="0" tag="650">
    <subfield code="a">African languages</subfield>
    <subfield code="v">Congresses.</subfield>
  </datafield>
  <datafield ind1=" " ind2="0" tag="650">
    <subfield code="a">African languages</subfield>
    <subfield code="x">Study and teaching.</subfield>
  </datafield>
  <datafield ind1=" " ind2="0" tag="651">
    <subfield code="a">Africa</subfield>
    <subfield code="x">Languages.</subfield>
  </datafield>
  <datafield ind1=" " ind2="0" tag="650">
    <subfield code="a">Niger-Congo languages.</subfield>
  </datafield>
  <datafield ind1=" " ind2="0" tag="650">
    <subfield code="a">Bantu languages.</subfield>
  </datafield>
  <datafield ind1=" " ind2=" " tag="035">
    <subfield code="a">(TxDaGIAL)37741100034300</subfield>
  </datafield>
  <controlfield tag="005">20080624172621.0</controlfield>
  <controlfield tag="001">28153</controlfield>
  <controlfield tag="003">TxDaGIAL</controlfield>
  <datafield ind1=" " ind2=" " tag="852">
    <subfield code="p">37741100034300</subfield>
    <subfield code="a">Library</subfield>
    <subfield code="b">James E. Redden Coll</subfield>
    <subfield code="9">$0.00</subfield>
    <subfield code="x">FUND:Gift</subfield>
    <subfield code="x">COPYID:35155</subfield>
    <subfield code="x">FSC@aRegular@c20061027</subfield>
    <subfield code="h">496 A258a 1995</subfield>
    <subfield code="z">Gift James E. Redden 9-04</subfield>
  </datafield>
</record>