
<?xml version="1.0"?>
<record>
  <leader>02117nam a2200469 a 4500</leader>
  <controlfield tag="008">900530s1950    cm abh   b    000 0 fre d</controlfield>
  <datafield ind1=" " ind2=" " tag="010">
    <subfield code="a">   54036232</subfield>
    <subfield code="z">sn 87021631</subfield>
  </datafield>
  <datafield ind1=" " ind2=" " tag="035">
    <subfield code="a">(OCoLC)ocm05067342</subfield>
  </datafield>
  <datafield ind1=" " ind2=" " tag="040">
    <subfield code="a">TxDaGIAL</subfield>
    <subfield code="c">TxDaGIAL</subfield>
  </datafield>
  <datafield ind1="0" ind2=" " tag="041">
    <subfield code="a">fremul</subfield>
  </datafield>
  <datafield ind1=" " ind2=" " tag="042">
    <subfield code="a">lcd</subfield>
    <subfield code="a">premarc</subfield>
  </datafield>
  <datafield ind1=" " ind2=" " tag="043">
    <subfield code="a">f-cm---</subfield>
  </datafield>
  <datafield ind1="0" ind2="0" tag="050">
    <subfield code="a">DT561</subfield>
    <subfield code="b">.I5</subfield>
  </datafield>
  <datafield ind1="0" ind2="4" tag="082">
    <subfield code="a">496</subfield>
    <subfield code="2">22</subfield>
  </datafield>
  <datafield ind1="0" ind2=" " tag="082">
    <subfield code="a">967.11</subfield>
    <subfield code="2">20</subfield>
  </datafield>
  <datafield ind1="0" ind2="0" tag="245">
    <subfield code="a">&#xA9;tudes camerounaises.</subfield>
    <subfield code="n">no. 29-39, Mars-Juin 1950.</subfield>
  </datafield>
  <datafield ind1=" " ind2=" " tag="260">
    <subfield code="a">Douala :</subfield>
    <subfield code="b">Institut fran&#xA9;&#x2B9;ais d'Afrique noire,</subfield>
    <subfield code="c">1950.</subfield>
  </datafield>
  <datafield ind1=" " ind2=" " tag="300">
    <subfield code="a">131 p.. :</subfield>
    <subfield code="b">ill., map, facsim. ;</subfield>
    <subfield code="c">25 cm.</subfield>
  </datafield>
  <datafield ind1=" " ind2=" " tag="504">
    <subfield code="a">Includes bibliographical references.</subfield>
  </datafield>
  <datafield ind1=" " ind2=" " tag="500">
    <subfield code="a">Title from cover.</subfield>
  </datafield>
  <datafield ind1=" " ind2=" " tag="500">
    <subfield code="a">At head of title:  Cameroun fran&#xA9;&#x2B9;ais.</subfield>
  </datafield>
  <datafield ind1="2" ind2=" " tag="505">
    <subfield code="a">Vocabulaires comparatifs des quinze parlers du Nord-Cameroun / J. Mouchet -- G&#xA9;&#x266D;n&#xA9;&#x266D;alogie royale de Logone-Birni (Cameroun) / Maxime Rodinson -- Le lapin et la famine, conte en langue Mbum / le Pasteur Sverre Flottum.</subfield>
  </datafield>
  <datafield ind1=" " ind2=" " tag="515">
    <subfield code="a">Also called t. 3.</subfield>
  </datafield>
  <datafield ind1=" " ind2=" " tag="546">
    <subfield code="a">In French.  Many terms in Wandala, Padoko [Parkwa], Kotoko [Lagwan], Muzuk [Musgu], Masa [Masana], Gidar, Musgoy [Mazagway], Bata, Jen [Dza], and interlinear text in Mbum, as well as some text in Arabic script.</subfield>
  </datafield>
  <datafield ind1=" " ind2=" " tag="550">
    <subfield code="a">Issued by the Institute's Centre Cameroun.</subfield>
  </datafield>
  <datafield ind1=" " ind2=" " tag="590">
    <subfield code="a">mfi</subfield>
    <subfield code="2">Ethnologue 15 = ISO/DIS 639-3</subfield>
  </datafield>
  <datafield ind1=" " ind2=" " tag="590">
    <subfield code="a">pbi</subfield>
    <subfield code="2">Ethnologue 15 = ISO/DIS 639-3</subfield>
  </datafield>
  <datafield ind1=" " ind2=" " tag="590">
    <subfield code="a">kot</subfield>
    <subfield code="2">Ethnologue 15 = ISO/DIS 639-3</subfield>
  </datafield>
  <datafield ind1=" " ind2=" " tag="590">
    <subfield code="a">mug</subfield>
    <subfield code="2">Ethnologue 15 = ISO/DIS 639-3</subfield>
  </datafield>
  <datafield ind1=" " ind2=" " tag="590">
    <subfield code="a">mcn</subfield>
    <subfield code="2">Ethnologue 15 = ISO/DIS 639-3</subfield>
  </datafield>
  <datafield ind1=" " ind2=" " tag="590">
    <subfield code="a">gid</subfield>
    <subfield code="2">Ethnologue 15 = ISO/DIS 639-3</subfield>
  </datafield>
  <datafield ind1=" " ind2=" " tag="590">
    <subfield code="a">dkx</subfield>
    <subfield code="2">Ethnologue 15 = ISO/DIS 639-3</subfield>
  </datafield>
  <datafield ind1=" " ind2=" " tag="590">
    <subfield code="a">bta</subfield>
    <subfield code="2">Ethnologue 15 = ISO/DIS 639-3</subfield>
  </datafield>
  <datafield ind1=" " ind2=" " tag="590">
    <subfield code="a">dza</subfield>
    <subfield code="2">Ethnologue 15 = ISO/DIS 639-3</subfield>
  </datafield>
  <datafield ind1=" " ind2=" " tag="590">
    <subfield code="a">mdd</subfield>
    <subfield code="2">Ethnologue 15 = ISO/DIS 639-3</subfield>
  </datafield>
  <datafield ind1=" " ind2="0" tag="651">
    <subfield code="a">Cameroon</subfield>
    <subfield code="x">Languages.</subfield>
  </datafield>
  <datafield ind1="2" ind2=" " tag="710">
    <subfield code="a">Institut fran&#xA9;&#x2B9;ais d'Afrique noire.</subfield>
    <subfield code="b">Centre Cameroun.</subfield>
  </datafield>
  <datafield ind1=" " ind2=" " tag="035">
    <subfield code="a">(TxDaGIAL)37741100034484</subfield>
  </datafield>
  <controlfield tag="005">20080624172621.0</controlfield>
  <controlfield tag="001">28154</controlfield>
  <controlfield tag="003">TxDaGIAL</controlfield>
  <datafield ind1=" " ind2=" " tag="852">
    <subfield code="p">37741100034484</subfield>
    <subfield code="a">Library</subfield>
    <subfield code="b">James E. Redden Coll</subfield>
    <subfield code="9">$0.00</subfield>
    <subfield code="x">FUND:Gift</subfield>
    <subfield code="x">COPYID:35156</subfield>
    <subfield code="x">FSC@aRegular@c20070130</subfield>
    <subfield code="h">496 E85 1950</subfield>
    <subfield code="z">Gift James E. Redden 7-89</subfield>
  </datafield>
</record>