
<?xml version="1.0"?>
<record>
  <leader>01628cam a2200337 a 4500</leader>
  <controlfield tag="008">061215s2007    txua     b    000 0 eng  </controlfield>
  <datafield ind1=" " ind2=" " tag="010">
    <subfield code="a">  2006940459</subfield>
  </datafield>
  <datafield ind1=" " ind2=" " tag="020">
    <subfield code="a">9781556711848 (alk. paper)</subfield>
  </datafield>
  <datafield ind1=" " ind2=" " tag="040">
    <subfield code="a">DLC</subfield>
    <subfield code="c">DLC</subfield>
    <subfield code="d">TxDaGIAL</subfield>
  </datafield>
  <datafield ind1="0" ind2="4" tag="082">
    <subfield code="a">496/.35</subfield>
    <subfield code="2">22</subfield>
  </datafield>
  <datafield ind1="1" ind2=" " tag="100">
    <subfield code="a">Cahill, Michael,</subfield>
    <subfield code="d">1940-</subfield>
  </datafield>
  <datafield ind1="1" ind2="0" tag="245">
    <subfield code="a">Aspects of the morphology and phonology of Konni /</subfield>
    <subfield code="c">Michael C. Cahill.</subfield>
  </datafield>
  <datafield ind1=" " ind2=" " tag="260">
    <subfield code="a">Dallas, TX :</subfield>
    <subfield code="b">SIL International and The University of Texas at Arlington,</subfield>
    <subfield code="c">2007.</subfield>
  </datafield>
  <datafield ind1=" " ind2=" " tag="300">
    <subfield code="a">xviii, 517 p. :</subfield>
    <subfield code="b">ill. ;</subfield>
    <subfield code="c">23 cm.</subfield>
  </datafield>
  <datafield ind1=" " ind2="0" tag="440">
    <subfield code="a">SIL International and the University of Texas at Arlington publications in linguistics ;</subfield>
    <subfield code="v">publication 141</subfield>
  </datafield>
  <datafield ind1=" " ind2=" " tag="500">
    <subfield code="a">Language name in title contains phonetic symbol (backwards "c" instead of "o")</subfield>
  </datafield>
  <datafield ind1=" " ind2=" " tag="500">
    <subfield code="a">Rev. version of the author's thesis (Ph.D) - Ohio State University, 1999.</subfield>
  </datafield>
  <datafield ind1=" " ind2=" " tag="504">
    <subfield code="a">Includes bibliographical references (p. 493-510) and index.</subfield>
  </datafield>
  <datafield ind1=" " ind2=" " tag="590">
    <subfield code="a">kma</subfield>
    <subfield code="2">Ethnologue 15 = ISO 639-3</subfield>
  </datafield>
  <datafield ind1=" " ind2=" " tag="546">
    <subfield code="a">In English, with frequent parallel text in Konni, a Gur (Voltaic) language of Ghana.</subfield>
  </datafield>
  <datafield ind1=" " ind2="0" tag="650">
    <subfield code="a">Konni language</subfield>
    <subfield code="x">Morphology.</subfield>
  </datafield>
  <datafield ind1=" " ind2="0" tag="650">
    <subfield code="a">Konni language</subfield>
    <subfield code="x">Phonology.</subfield>
  </datafield>
  <datafield ind1=" " ind2="0" tag="650">
    <subfield code="a">Gur languages</subfield>
    <subfield code="x">Dialects.</subfield>
  </datafield>
  <datafield ind1=" " ind2="0" tag="651">
    <subfield code="a">Ghana</subfield>
    <subfield code="x">Languages</subfield>
    <subfield code="x">Morphology.</subfield>
  </datafield>
  <datafield ind1=" " ind2="0" tag="651">
    <subfield code="a">Ghana</subfield>
    <subfield code="x">Languages</subfield>
    <subfield code="x">Phonology.</subfield>
  </datafield>
  <datafield ind1=" " ind2=" " tag="035">
    <subfield code="a">(TxDaGIAL)37741100035020</subfield>
  </datafield>
  <controlfield tag="005">20080624172623.0</controlfield>
  <controlfield tag="001">28165</controlfield>
  <controlfield tag="003">TxDaGIAL</controlfield>
  <datafield ind1=" " ind2=" " tag="852">
    <subfield code="p">37741100035020</subfield>
    <subfield code="a">Library</subfield>
    <subfield code="9">$37.50</subfield>
    <subfield code="x">FUND:M. Langs</subfield>
    <subfield code="x">COPYID:35167</subfield>
    <subfield code="x">FSC@aRegular@c20070926</subfield>
    <subfield code="h">496.35 C132a 2007</subfield>
    <subfield code="z">Direct IAB-SIL 8-07</subfield>
  </datafield>
  <datafield ind1=" " ind2=" " tag="852">
    <subfield code="p">37741100035021</subfield>
    <subfield code="a">Library</subfield>
    <subfield code="9">$37.50</subfield>
    <subfield code="x">FUND:Phon</subfield>
    <subfield code="x">COPYID:35168</subfield>
    <subfield code="x">FSC@aRegular@c20070926</subfield>
    <subfield code="h">496.35 C132a 2007</subfield>
    <subfield code="z">Direct s.o. IAB-SIL 9-07</subfield>
  </datafield>
</record>