
<?xml version="1.0"?>
<record>
  <leader>01519ntm a2200361 a 4500</leader>
  <controlfield tag="008">061103s2003    xx ab    bm   000 0 eng d</controlfield>
  <datafield ind1=" " ind2=" " tag="040">
    <subfield code="a">TxDaGIAL</subfield>
    <subfield code="c">TxDaGIAL</subfield>
  </datafield>
  <datafield ind1="1" ind2=" " tag="041">
    <subfield code="a">engnicfre</subfield>
    <subfield code="h">fre</subfield>
  </datafield>
  <datafield ind1="0" ind2="4" tag="082">
    <subfield code="a">496.35</subfield>
    <subfield code="2">22</subfield>
  </datafield>
  <datafield ind1="1" ind2=" " tag="100">
    <subfield code="a">Roberts, David,</subfield>
    <subfield code="d">1959-</subfield>
    <subfield code="q">(David Alan)</subfield>
  </datafield>
  <datafield ind1="1" ind2="0" tag="240">
    <subfield code="a">Tonologie des pr&#xA9;&#x266D;fixes de modalit&#xA9;&#x266D; en kabiy&#xA9;&#xB7;.</subfield>
    <subfield code="l">English</subfield>
  </datafield>
  <datafield ind1="1" ind2="4" tag="245">
    <subfield code="a">The tonology of modal prefixes in Kabiye</subfield>
    <subfield code="h">[manuscript] /</subfield>
    <subfield code="c">David Roberts.</subfield>
  </datafield>
  <datafield ind1=" " ind2=" " tag="260">
    <subfield code="c">2003.</subfield>
  </datafield>
  <datafield ind1=" " ind2=" " tag="300">
    <subfield code="a">iv, 229 p. :</subfield>
    <subfield code="b">ill., map ;</subfield>
    <subfield code="c">30 cm.</subfield>
  </datafield>
  <datafield ind1=" " ind2=" " tag="504">
    <subfield code="a">Includes bibliographical references (p. 174-177)</subfield>
  </datafield>
  <datafield ind1=" " ind2=" " tag="502">
    <subfield code="a">Thesis (D.E.A.) -- Universit&#xA9;&#x266D; de la Sorbonne Nouvelle, Paris III, 2003.</subfield>
  </datafield>
  <datafield ind1=" " ind2=" " tag="500">
    <subfield code="a">Typescript.</subfield>
  </datafield>
  <datafield ind1=" " ind2=" " tag="500">
    <subfield code="a">Cover title.</subfield>
  </datafield>
  <datafield ind1=" " ind2=" " tag="500">
    <subfield code="a">English translation of La tonologie des pr&#xA9;&#x266D;fixes de modalit&#xA9;&#x266D; en kabiy&#xA9;&#xB7;.</subfield>
  </datafield>
  <datafield ind1=" " ind2=" " tag="546">
    <subfield code="a">English with parallel text in Kabiye; some parallel text with Kabiye and French.</subfield>
  </datafield>
  <datafield ind1=" " ind2=" " tag="590">
    <subfield code="a">kbp</subfield>
    <subfield code="2">Ethnologue 15 = ISO/DIS 639-3</subfield>
  </datafield>
  <datafield ind1=" " ind2=" " tag="590">
    <subfield code="a">On deposit from SIL-Language and Culture Archives</subfield>
  </datafield>
  <datafield ind1=" " ind2=" " tag="590">
    <subfield code="a">GIAL-affiliated circulation only</subfield>
  </datafield>
  <datafield ind1=" " ind2="0" tag="650">
    <subfield code="a">Kabiye language</subfield>
    <subfield code="x">Tone.</subfield>
  </datafield>
  <datafield ind1=" " ind2="0" tag="650">
    <subfield code="a">Kabiye language</subfield>
    <subfield code="x">Verb.</subfield>
  </datafield>
  <datafield ind1=" " ind2="0" tag="650">
    <subfield code="a">Kabiye language</subfield>
    <subfield code="x">Modality.</subfield>
  </datafield>
  <datafield ind1=" " ind2="0" tag="651">
    <subfield code="a">Togo</subfield>
    <subfield code="x">Languages.</subfield>
  </datafield>
  <datafield ind1="2" ind2="0" tag="610">
    <subfield code="a">Universit&#xA9;&#x266D; de Paris III</subfield>
    <subfield code="x">Thesis.</subfield>
  </datafield>
  <datafield ind1=" " ind2=" " tag="035">
    <subfield code="a">(TxDaGIAL)37741100034385</subfield>
  </datafield>
  <controlfield tag="005">20080624172623.0</controlfield>
  <controlfield tag="001">28170</controlfield>
  <controlfield tag="003">TxDaGIAL</controlfield>
  <datafield ind1=" " ind2=" " tag="852">
    <subfield code="p">37741100034385</subfield>
    <subfield code="a">Library</subfield>
    <subfield code="9">$0.00</subfield>
    <subfield code="x">FUND:On deposit</subfield>
    <subfield code="x">COPYID:35174</subfield>
    <subfield code="x">FSC@aRESTRICT@c20061114</subfield>
    <subfield code="h">496.35 R643y.E 2003</subfield>
    <subfield code="z">On deposit from SIL Language and Culture Archives 11-06</subfield>
  </datafield>
</record>