
<?xml version="1.0"?>
<record>
  <leader>02026nam a2200325 a 4500</leader>
  <controlfield tag="008">060106s2005    txuab    b    001 0 eng d</controlfield>
  <datafield ind1=" " ind2=" " tag="020">
    <subfield code="a">1556711603</subfield>
  </datafield>
  <datafield ind1=" " ind2=" " tag="040">
    <subfield code="a">TxDaGIAL</subfield>
    <subfield code="c">TxDaGIAL</subfield>
  </datafield>
  <datafield ind1="1" ind2=" " tag="041">
    <subfield code="a">engbad</subfield>
  </datafield>
  <datafield ind1="0" ind2="4" tag="082">
    <subfield code="a">496.3/61</subfield>
    <subfield code="2">22</subfield>
  </datafield>
  <datafield ind1="1" ind2=" " tag="100">
    <subfield code="a">Olson, Kenneth Scott.</subfield>
  </datafield>
  <datafield ind1="1" ind2="4" tag="245">
    <subfield code="a">The Phonology of Mono /</subfield>
    <subfield code="c">Kenneth S. Olson.</subfield>
  </datafield>
  <datafield ind1=" " ind2=" " tag="260">
    <subfield code="a">Dallas, TX :</subfield>
    <subfield code="b">SIL International,</subfield>
    <subfield code="c">2005.</subfield>
  </datafield>
  <datafield ind1=" " ind2=" " tag="300">
    <subfield code="a">xvi, 294 p. :</subfield>
    <subfield code="b">ill., maps ;</subfield>
    <subfield code="c">23 cm.</subfield>
  </datafield>
  <datafield ind1=" " ind2="0" tag="440">
    <subfield code="a">SIL International and the University of Texas at Arlington publications in linguistics ;</subfield>
    <subfield code="v">publication 140</subfield>
  </datafield>
  <datafield ind1=" " ind2=" " tag="500">
    <subfield code="a">"This book describes the phonology and morphology of the Bili dialect of Mono, a Banda language found in the northwestern corner of the Democratic Republic of the Congo (DRC, formerly Zaire). -- p. 1.</subfield>
  </datafield>
  <datafield ind1=" " ind2=" " tag="504">
    <subfield code="a">Includes bibliographical references (p. 275-283) and indexes.</subfield>
  </datafield>
  <datafield ind1=" " ind2=" " tag="500">
    <subfield code="a">"This book is a revision of my University of Chicago Ph.D. dissertation. Two of the appendices in the dissertation have been published elsewhere: An evaluation of Niger-Congo classification is available as Olson (2004), and Cross-Linguistic insights on the labial flap has become two papers: Olson and Hajeck (2003) and Olson and Hajeck (2004)." -- p. xiii.</subfield>
  </datafield>
  <datafield ind1=" " ind2=" " tag="546">
    <subfield code="a">In English with frequent interlinear text in Mono, a Niger-Congo language of the Democratic Republic of the Congo.</subfield>
  </datafield>
  <datafield ind1=" " ind2=" " tag="590">
    <subfield code="a">mnh</subfield>
    <subfield code="2">Ethnologue 15 = ISO/DIS 639-3</subfield>
  </datafield>
  <datafield ind1=" " ind2="0" tag="650">
    <subfield code="a">Mono language (Congo)</subfield>
    <subfield code="x">Phonology.</subfield>
  </datafield>
  <datafield ind1=" " ind2="0" tag="650">
    <subfield code="a">Mono language (Congo)</subfield>
    <subfield code="x">Morphology.</subfield>
  </datafield>
  <datafield ind1=" " ind2="0" tag="650">
    <subfield code="a">Banda languages</subfield>
    <subfield code="x">Phonology.</subfield>
  </datafield>
  <datafield ind1=" " ind2="0" tag="651">
    <subfield code="a">Congo (Democratic Republic)</subfield>
    <subfield code="x">Languages</subfield>
    <subfield code="x">Phonology.</subfield>
  </datafield>
  <datafield ind1=" " ind2=" " tag="035">
    <subfield code="a">(TxDaGIAL)37741100029251</subfield>
  </datafield>
  <controlfield tag="005">20080624172624.0</controlfield>
  <controlfield tag="001">28176</controlfield>
  <controlfield tag="003">TxDaGIAL</controlfield>
  <datafield ind1=" " ind2=" " tag="852">
    <subfield code="p">37741100029251</subfield>
    <subfield code="a">Library</subfield>
    <subfield code="9">$0.00</subfield>
    <subfield code="x">FUND:Gift</subfield>
    <subfield code="x">COPYID:35180</subfield>
    <subfield code="x">FSC@aRegular@c20060120</subfield>
    <subfield code="h">496.361 O52p 2005</subfield>
    <subfield code="z">Gift SIL-International Academic Bookstore 12-05</subfield>
  </datafield>
  <datafield ind1=" " ind2=" " tag="852">
    <subfield code="p">37741100029447</subfield>
    <subfield code="a">Library</subfield>
    <subfield code="9">$21.75</subfield>
    <subfield code="x">FUND:M. Langs</subfield>
    <subfield code="x">COPYID:35181</subfield>
    <subfield code="x">FSC@aRegular@c20060213</subfield>
    <subfield code="h">496.361 O52p 2005</subfield>
    <subfield code="z">Direct SIL-International Academic Bookstore 2-06</subfield>
  </datafield>
</record>