
<?xml version="1.0"?>
<record>
  <leader>01504cam a2200361 a 4500</leader>
  <controlfield tag="008">040227s2004    enka     b    001 0 eng  </controlfield>
  <datafield ind1=" " ind2=" " tag="010">
    <subfield code="a">  2004045633</subfield>
  </datafield>
  <datafield ind1=" " ind2=" " tag="020">
    <subfield code="a">0521573785 (hardback)</subfield>
  </datafield>
  <datafield ind1=" " ind2=" " tag="040">
    <subfield code="a">DLC</subfield>
    <subfield code="c">DLC</subfield>
    <subfield code="d">DLC</subfield>
    <subfield code="d">TxDaGIAL</subfield>
  </datafield>
  <datafield ind1="0" ind2=" " tag="041">
    <subfield code="a">engnya</subfield>
  </datafield>
  <datafield ind1=" " ind2=" " tag="042">
    <subfield code="a">pcc</subfield>
  </datafield>
  <datafield ind1="0" ind2="0" tag="050">
    <subfield code="a">PL8110.C51</subfield>
    <subfield code="b">M34 2004</subfield>
  </datafield>
  <datafield ind1="0" ind2="0" tag="082">
    <subfield code="a">496/.39185</subfield>
    <subfield code="2">22</subfield>
  </datafield>
  <datafield ind1="1" ind2=" " tag="100">
    <subfield code="a">Mchombo, Sam A.,</subfield>
    <subfield code="d">1948-</subfield>
  </datafield>
  <datafield ind1="1" ind2="4" tag="245">
    <subfield code="a">The syntax of Chichewa /</subfield>
    <subfield code="c">Sam Mchombo.</subfield>
  </datafield>
  <datafield ind1=" " ind2=" " tag="260">
    <subfield code="a">Cambridge (England) ;</subfield>
    <subfield code="a">New York, N.Y. :</subfield>
    <subfield code="b">Cambridge University Press,</subfield>
    <subfield code="c">2004.</subfield>
  </datafield>
  <datafield ind1=" " ind2=" " tag="300">
    <subfield code="a">xv, 149 p. :</subfield>
    <subfield code="b">ill. ;</subfield>
    <subfield code="c">24 cm.</subfield>
  </datafield>
  <datafield ind1=" " ind2="0" tag="440">
    <subfield code="a">Cambridge syntax guides</subfield>
  </datafield>
  <datafield ind1=" " ind2=" " tag="504">
    <subfield code="a">Includes bibliographical references (p. 131-142) and index.</subfield>
  </datafield>
  <datafield ind1=" " ind2=" " tag="546">
    <subfield code="a">In English, with frequent interlinear text in Nyanja, a Bantu language of Malawi.</subfield>
  </datafield>
  <datafield ind1=" " ind2=" " tag="590">
    <subfield code="a">nya</subfield>
    <subfield code="2">Ethnologue 15 = ISO 639-3</subfield>
  </datafield>
  <datafield ind1=" " ind2="0" tag="650">
    <subfield code="a">Chewa dialect</subfield>
    <subfield code="x">Syntax.</subfield>
  </datafield>
  <datafield ind1=" " ind2="0" tag="650">
    <subfield code="a">Nyanja language</subfield>
    <subfield code="x">Syntax.</subfield>
  </datafield>
  <datafield ind1=" " ind2="0" tag="651">
    <subfield code="a">Malawi</subfield>
    <subfield code="x">Languages.</subfield>
  </datafield>
  <datafield ind1=" " ind2="0" tag="650">
    <subfield code="a">Bantu languages</subfield>
    <subfield code="x">Syntax.</subfield>
  </datafield>
  <datafield ind1="4" ind2="2" tag="856">
    <subfield code="3">Publisher description</subfield>
    <subfield code="u">http://www.loc.gov/catdir/description/cam041/2004045633.html</subfield>
  </datafield>
  <datafield ind1="4" ind2="1" tag="856">
    <subfield code="3">Table of contents</subfield>
    <subfield code="u">http://www.loc.gov/catdir/toc/cam041/2004045633.html</subfield>
  </datafield>
  <datafield ind1="4" ind2="2" tag="856">
    <subfield code="3">Contributor biographical information</subfield>
    <subfield code="u">http://www.loc.gov/catdir/enhancements/fy0732/2004045633-b.html</subfield>
  </datafield>
  <datafield ind1=" " ind2=" " tag="035">
    <subfield code="a">(TxDaGIAL)37741100035258</subfield>
  </datafield>
  <controlfield tag="005">20080624172625.0</controlfield>
  <controlfield tag="001">28178</controlfield>
  <controlfield tag="003">TxDaGIAL</controlfield>
  <datafield ind1=" " ind2=" " tag="852">
    <subfield code="p">37741100035258</subfield>
    <subfield code="a">Library</subfield>
    <subfield code="9">$81.81</subfield>
    <subfield code="x">FUND:Gram</subfield>
    <subfield code="x">COPYID:35183</subfield>
    <subfield code="x">FSC@aRegular@c20080312</subfield>
    <subfield code="h">496.39185 M478s 2004</subfield>
    <subfield code="z">Direct Amazon com 2-08</subfield>
  </datafield>
</record>