
<?xml version="1.0"?>
<record>
  <leader>01242ntm a2200301 a 4500</leader>
  <controlfield tag="008">060602s1992       ab   rabm  000 0 eng d</controlfield>
  <datafield ind1=" " ind2=" " tag="040">
    <subfield code="a">TxDaGIAL</subfield>
    <subfield code="c">TxDaGIAL</subfield>
  </datafield>
  <datafield ind1="1" ind2=" " tag="041">
    <subfield code="a">engbnt</subfield>
  </datafield>
  <datafield ind1="0" ind2="4" tag="082">
    <subfield code="a">496.3/94</subfield>
    <subfield code="2">22</subfield>
  </datafield>
  <datafield ind1="1" ind2=" " tag="100">
    <subfield code="a">Thomas, J. Paul,</subfield>
    <subfield code="d">1952-</subfield>
    <subfield code="q">(John Paul)</subfield>
  </datafield>
  <datafield ind1="1" ind2="2" tag="245">
    <subfield code="a">A morphophonology of Komo</subfield>
    <subfield code="h">[manuscript] :</subfield>
    <subfield code="b">non-tonal phenomena /</subfield>
    <subfield code="c">by John Paul Thomas.</subfield>
  </datafield>
  <datafield ind1=" " ind2=" " tag="260">
    <subfield code="c">1992.</subfield>
  </datafield>
  <datafield ind1=" " ind2=" " tag="300">
    <subfield code="a">x, 161 leaves [i.e. 86 leaves] :</subfield>
    <subfield code="b">ill., map ;</subfield>
    <subfield code="c">23 x 29 cm.</subfield>
  </datafield>
  <datafield ind1=" " ind2=" " tag="504">
    <subfield code="a">Includes bibliographical references (leaves 159-161)</subfield>
  </datafield>
  <datafield ind1=" " ind2=" " tag="502">
    <subfield code="a">Theses (M.A.) -- University of North Dakota, 1992.</subfield>
  </datafield>
  <datafield ind1=" " ind2=" " tag="500">
    <subfield code="a">Includes abstract.</subfield>
  </datafield>
  <datafield ind1=" " ind2=" " tag="500">
    <subfield code="a">Typescript (photocopy reduced, 2 leaves per leaf)</subfield>
  </datafield>
  <datafield ind1=" " ind2=" " tag="546">
    <subfield code="a">English with parallel and interlinear text in Komo.</subfield>
  </datafield>
  <datafield ind1=" " ind2=" " tag="590">
    <subfield code="a">kmw</subfield>
    <subfield code="2">Ethnologue 15 = ISO/DIS 639-3</subfield>
  </datafield>
  <datafield ind1=" " ind2="0" tag="650">
    <subfield code="a">Komo language (Congo)</subfield>
    <subfield code="x">Phonology.</subfield>
  </datafield>
  <datafield ind1=" " ind2="0" tag="650">
    <subfield code="a">Komo language (Congo)</subfield>
    <subfield code="x">Morphology.</subfield>
  </datafield>
  <datafield ind1=" " ind2="0" tag="650">
    <subfield code="a">Bantu languages</subfield>
    <subfield code="x">Morphophonemics</subfield>
    <subfield code="z">Congo (Democratic Republic)</subfield>
  </datafield>
  <datafield ind1="2" ind2="0" tag="610">
    <subfield code="a">University of North Dakota</subfield>
    <subfield code="x">Thesis.</subfield>
  </datafield>
  <datafield ind1=" " ind2=" " tag="035">
    <subfield code="a">(TxDaGIAL)37741100029950</subfield>
  </datafield>
  <controlfield tag="005">20080624172625.0</controlfield>
  <controlfield tag="001">28179</controlfield>
  <controlfield tag="003">TxDaGIAL</controlfield>
  <datafield ind1=" " ind2=" " tag="852">
    <subfield code="p">37741100029950</subfield>
    <subfield code="a">Library</subfield>
    <subfield code="9">$0.00</subfield>
    <subfield code="x">FUND:Gift</subfield>
    <subfield code="x">COPYID:35184</subfield>
    <subfield code="x">FSC@aRegular@c20060623</subfield>
    <subfield code="h">496.394 T458m 1992</subfield>
    <subfield code="z">Gift 4-02</subfield>
  </datafield>
</record>