
<?xml version="1.0"?>
<record>
  <leader>01432ntm a2200337 a 4500</leader>
  <controlfield tag="007">ta</controlfield>
  <controlfield tag="008">790716s1976    xx       b   s000 0 eng  </controlfield>
  <datafield ind1=" " ind2=" " tag="040">
    <subfield code="a">TxDaGIAL</subfield>
    <subfield code="c">TxDaGIAL</subfield>
  </datafield>
  <datafield ind1="0" ind2=" " tag="041">
    <subfield code="a">engypk</subfield>
  </datafield>
  <datafield ind1="0" ind2="4" tag="050">
    <subfield code="a">PM94</subfield>
    <subfield code="b">.J3</subfield>
  </datafield>
  <datafield ind1="0" ind2=" " tag="082">
    <subfield code="a">497/.1</subfield>
  </datafield>
  <datafield ind1="0" ind2="4" tag="082">
    <subfield code="a">497/.14</subfield>
    <subfield code="2">22</subfield>
  </datafield>
  <datafield ind1="1" ind2=" " tag="100">
    <subfield code="a">Jacobson, Steven A.</subfield>
  </datafield>
  <datafield ind1="1" ind2="2" tag="245">
    <subfield code="a">A grammatical sketch of Siberian Yupik Eskimo as spoken on St. Lawrence Island, Alaska</subfield>
    <subfield code="h">[manuscript] /</subfield>
    <subfield code="c">Steven A. Jacobson.</subfield>
  </datafield>
  <datafield ind1="3" ind2="4" tag="246">
    <subfield code="a">Siberian Yupik Eskimo grammatical sketch</subfield>
  </datafield>
  <datafield ind1=" " ind2=" " tag="260">
    <subfield code="c">1976.</subfield>
  </datafield>
  <datafield ind1=" " ind2=" " tag="300">
    <subfield code="a">98 leaves ;</subfield>
    <subfield code="c">30 cm.</subfield>
  </datafield>
  <datafield ind1=" " ind2=" " tag="500">
    <subfield code="a">"This sketch of Siberian Yupik grammar should be regarded as the roughest preliminary version." -- preface.</subfield>
  </datafield>
  <datafield ind1=" " ind2=" " tag="500">
    <subfield code="a">Later published by Alaska Native Language Center, University of Alaska, Fairbanks, Alaska, 1977. Pub. version includes bibliographical references on p. [99]</subfield>
  </datafield>
  <datafield ind1=" " ind2=" " tag="504">
    <subfield code="a">Includes bibliographical references.</subfield>
  </datafield>
  <datafield ind1=" " ind2=" " tag="546">
    <subfield code="a">In English with frequent parallel text in Central Siberian Yupik.</subfield>
  </datafield>
  <datafield ind1=" " ind2=" " tag="590">
    <subfield code="a">ess</subfield>
    <subfield code="2">Ethnologue 15 = ISO 639-3</subfield>
  </datafield>
  <datafield ind1=" " ind2="0" tag="650">
    <subfield code="a">Yuit language</subfield>
    <subfield code="x">Grammar.</subfield>
  </datafield>
  <datafield ind1=" " ind2="0" tag="650">
    <subfield code="a">Yuit language</subfield>
    <subfield code="x">Dialects</subfield>
    <subfield code="z">Alaska</subfield>
    <subfield code="z">St. Lawrence Island.</subfield>
  </datafield>
  <datafield ind1=" " ind2="0" tag="650">
    <subfield code="a">Yupik languages</subfield>
    <subfield code="x">Grammar.</subfield>
  </datafield>
  <datafield ind1="2" ind2=" " tag="710">
    <subfield code="a">Alaska Native Language Center.</subfield>
  </datafield>
  <datafield ind1=" " ind2=" " tag="035">
    <subfield code="a">(TxDaGIAL)37741100034734</subfield>
  </datafield>
  <controlfield tag="005">20080624172626.0</controlfield>
  <controlfield tag="001">28189</controlfield>
  <controlfield tag="003">TxDaGIAL</controlfield>
  <datafield ind1=" " ind2=" " tag="852">
    <subfield code="p">37741100034734</subfield>
    <subfield code="a">Library</subfield>
    <subfield code="9">$0.00</subfield>
    <subfield code="x">FUND:Gift</subfield>
    <subfield code="x">COPYID:35194</subfield>
    <subfield code="x">FSC@aRegular@c20070509</subfield>
    <subfield code="h">497.14 J17g 1976</subfield>
    <subfield code="z">Gift 6-04</subfield>
  </datafield>
</record>