
<?xml version="1.0"?>
<record>
  <leader>01037nam a2200277 a 4500</leader>
  <controlfield tag="008">070507s1976    aku           001 0 eng d</controlfield>
  <datafield ind1=" " ind2=" " tag="035">
    <subfield code="a">(OCLC) 53842807</subfield>
  </datafield>
  <datafield ind1=" " ind2=" " tag="040">
    <subfield code="a">TxDaGIAL</subfield>
    <subfield code="c">TxDaGIAL</subfield>
  </datafield>
  <datafield ind1="1" ind2=" " tag="041">
    <subfield code="a">engypk</subfield>
  </datafield>
  <datafield ind1="0" ind2="4" tag="082">
    <subfield code="a">497.14</subfield>
    <subfield code="2">22</subfield>
  </datafield>
  <datafield ind1="1" ind2=" " tag="100">
    <subfield code="a">Shinen, David C.</subfield>
  </datafield>
  <datafield ind1="1" ind2="0" tag="245">
    <subfield code="a">Siberian Yupik literacy manual /</subfield>
    <subfield code="c">David C. Shinen.</subfield>
  </datafield>
  <datafield ind1=" " ind2=" " tag="260">
    <subfield code="a">Juneau, Alaska :</subfield>
    <subfield code="b">GSA Printing Plant,</subfield>
    <subfield code="c">1976.</subfield>
  </datafield>
  <datafield ind1=" " ind2=" " tag="300">
    <subfield code="a">62 p. :</subfield>
    <subfield code="b">ill. ;</subfield>
    <subfield code="c">27 cm.</subfield>
  </datafield>
  <datafield ind1=" " ind2=" " tag="500">
    <subfield code="a">Cover title.</subfield>
  </datafield>
  <datafield ind1=" " ind2=" " tag="546">
    <subfield code="a">In English with frequent terms and text in Siberian Yupik.</subfield>
  </datafield>
  <datafield ind1=" " ind2=" " tag="590">
    <subfield code="a">ess</subfield>
    <subfield code="2">Ethnologue 15 = ISO 639-3</subfield>
  </datafield>
  <datafield ind1=" " ind2=" " tag="500">
    <subfield code="a">"A production of the Nome Agency Bilingual Education Resource Center" -- coverpem.</subfield>
  </datafield>
  <datafield ind1=" " ind2="0" tag="650">
    <subfield code="a">Yuit language</subfield>
    <subfield code="x">Study and teaching.</subfield>
  </datafield>
  <datafield ind1=" " ind2="0" tag="650">
    <subfield code="a">Literacy</subfield>
    <subfield code="z">Alaska.</subfield>
  </datafield>
  <datafield ind1="2" ind2=" " tag="710">
    <subfield code="a">Ulimakat Nuum Agencym Mumighquqhvigani (Nome, Alaska)</subfield>
  </datafield>
  <datafield ind1=" " ind2=" " tag="035">
    <subfield code="a">(TxDaGIAL)37741100034745</subfield>
  </datafield>
  <controlfield tag="005">20080624172627.0</controlfield>
  <controlfield tag="001">28190</controlfield>
  <controlfield tag="003">TxDaGIAL</controlfield>
  <datafield ind1=" " ind2=" " tag="852">
    <subfield code="p">37741100034745</subfield>
    <subfield code="a">Library</subfield>
    <subfield code="9">$0.00</subfield>
    <subfield code="x">FUND:Gift</subfield>
    <subfield code="x">COPYID:35195</subfield>
    <subfield code="x">FSC@aRegular@c20070509</subfield>
    <subfield code="h">497.14 S556s 1976</subfield>
    <subfield code="z">Gift 6-04</subfield>
  </datafield>
</record>