
<?xml version="1.0"?>
<record>
  <leader>01464cam a2200325 a 4500</leader>
  <controlfield tag="008">970605t19961997onc          s100 0 eng  </controlfield>
  <datafield ind1=" " ind2=" " tag="020">
    <subfield code="a">0777863642</subfield>
  </datafield>
  <datafield ind1=" " ind2=" " tag="040">
    <subfield code="a">NLC</subfield>
    <subfield code="c">TxDaGIAL</subfield>
    <subfield code="d">TxDaGIAL</subfield>
  </datafield>
  <datafield ind1="0" ind2=" " tag="041">
    <subfield code="a">engcre</subfield>
  </datafield>
  <datafield ind1="0" ind2="4" tag="082">
    <subfield code="a">497./323</subfield>
    <subfield code="2">22</subfield>
  </datafield>
  <datafield ind1="1" ind2=" " tag="100">
    <subfield code="a">Spence, Greg,</subfield>
    <subfield code="d">1953-</subfield>
  </datafield>
  <datafield ind1="1" ind2="0" tag="245">
    <subfield code="a">Omushkego Cree Syllabic Project :</subfield>
    <subfield code="b">final report /</subfield>
    <subfield code="c">submitted by Greg Spence.</subfield>
  </datafield>
  <datafield ind1="1" ind2="1" tag="246">
    <subfield code="a">Omushkego ininiwasikewi apatisiwin</subfield>
  </datafield>
  <datafield ind1=" " ind2=" " tag="260">
    <subfield code="a">Toronto :</subfield>
    <subfield code="b">Literacy and Basic Skills Section, Ontario Ministry of Education and Training,</subfield>
    <subfield code="c">1996, c1997.</subfield>
  </datafield>
  <datafield ind1=" " ind2=" " tag="300">
    <subfield code="a">i, 23, 22, 23 p. ;</subfield>
    <subfield code="c">28 cm.</subfield>
  </datafield>
  <datafield ind1=" " ind2="0" tag="440">
    <subfield code="a">Literacy Ontario</subfield>
  </datafield>
  <datafield ind1=" " ind2=" " tag="500">
    <subfield code="a">Report of the Omushkego Syllabic Conference, Moose Factory, Ontario, February 27-29, 1996.</subfield>
  </datafield>
  <datafield ind1=" " ind2=" " tag="500">
    <subfield code="a">Title on added t.p.: Omushkgeo ininiwasikewi apatisiwin.</subfield>
  </datafield>
  <datafield ind1=" " ind2=" " tag="546">
    <subfield code="a">Text in English and Cree, Swampy (Omushkego) syllabic script.</subfield>
  </datafield>
  <datafield ind1=" " ind2=" " tag="590">
    <subfield code="a">csw</subfield>
    <subfield code="2">Ethnologue 15: ISO/DIS 639-3</subfield>
  </datafield>
  <datafield ind1=" " ind2="0" tag="650">
    <subfield code="a">Cree language</subfield>
    <subfield code="z">Ontario</subfield>
    <subfield code="x">Writing</subfield>
    <subfield code="v">Congresses.</subfield>
  </datafield>
  <datafield ind1=" " ind2="0" tag="650">
    <subfield code="a">Cree language</subfield>
    <subfield code="z">Ontario</subfield>
    <subfield code="x">Alphabet</subfield>
    <subfield code="v">Congresses.</subfield>
  </datafield>
  <datafield ind1=" " ind2="0" tag="650">
    <subfield code="a">Cree language</subfield>
    <subfield code="z">Ontario</subfield>
    <subfield code="x">Standardization</subfield>
    <subfield code="v">Congresses.</subfield>
  </datafield>
  <datafield ind1="2" ind2=" " tag="710">
    <subfield code="a">Ontario.</subfield>
    <subfield code="b">Literacy and Basic Skills Section.</subfield>
  </datafield>
  <datafield ind1="2" ind2=" " tag="711">
    <subfield code="a">Omushkego Syllabic Conference</subfield>
    <subfield code="d">(1996 :</subfield>
    <subfield code="c">Moose Factory, Ont.)</subfield>
  </datafield>
  <datafield ind1=" " ind2=" " tag="035">
    <subfield code="a">(TxDaGIAL)37741100029473</subfield>
  </datafield>
  <controlfield tag="005">20080624172627.0</controlfield>
  <controlfield tag="001">28191</controlfield>
  <controlfield tag="003">TxDaGIAL</controlfield>
  <datafield ind1=" " ind2=" " tag="852">
    <subfield code="p">37741100029473</subfield>
    <subfield code="a">Library</subfield>
    <subfield code="9">$0.00</subfield>
    <subfield code="x">FUND:Gift</subfield>
    <subfield code="x">COPYID:35196</subfield>
    <subfield code="x">FSC@aRegular@c20060220</subfield>
    <subfield code="h">497.323 S744o 1996</subfield>
    <subfield code="z">Gift Beatrice Myers 6-04</subfield>
  </datafield>
</record>