
<?xml version="1.0"?>
<record>
  <leader>01654cam a2200337 a 4500</leader>
  <controlfield tag="008">990514s1999    onc          s100 0 eng  </controlfield>
  <datafield ind1=" " ind2=" " tag="020">
    <subfield code="a">0777886952</subfield>
  </datafield>
  <datafield ind1=" " ind2=" " tag="040">
    <subfield code="a">NLC</subfield>
    <subfield code="c">TxDaGIAL</subfield>
    <subfield code="d">TxDaGIAL</subfield>
  </datafield>
  <datafield ind1="0" ind2=" " tag="041">
    <subfield code="a">engoji</subfield>
  </datafield>
  <datafield ind1="0" ind2="4" tag="082">
    <subfield code="a">497/.333</subfield>
    <subfield code="2">22</subfield>
  </datafield>
  <datafield ind1="0" ind2="0" tag="245">
    <subfield code="a">Naasaab izhi-anishinaabebii'igeng conference report :</subfield>
    <subfield code="b">a conference to find a common Anishinaabemowin writing system /</subfield>
    <subfield code="c">submitted by Pat Ningewance.</subfield>
  </datafield>
  <datafield ind1="1" ind2="1" tag="246">
    <subfield code="a">Naasaab Izhi-anishinaabebii'igeng gaa-gii-maawaji'iding</subfield>
  </datafield>
  <datafield ind1="3" ind2="0" tag="246">
    <subfield code="a">Conference to Find a Common Anishinaabemowin Writing System</subfield>
  </datafield>
  <datafield ind1=" " ind2=" " tag="260">
    <subfield code="a">Toronto :</subfield>
    <subfield code="b">Literacy and Basic Skills Section, Ontario Ministry of Education and Training,</subfield>
    <subfield code="c">c1999.</subfield>
  </datafield>
  <datafield ind1=" " ind2=" " tag="300">
    <subfield code="a">60, 62 p. ;</subfield>
    <subfield code="c">28 cm.</subfield>
  </datafield>
  <datafield ind1=" " ind2="0" tag="440">
    <subfield code="a">Literacy Ontario</subfield>
  </datafield>
  <datafield ind1=" " ind2=" " tag="500">
    <subfield code="a">Title on added t.p.: Naasaab Izhi-anishinaabebii'igeng gaa-gii-maawaji'iding.</subfield>
  </datafield>
  <datafield ind1=" " ind2=" " tag="500">
    <subfield code="a">"August 8, 9, 10, 1996, MacDonald Block, 900 Bay Street, Toronto, Ontario" -- cover.</subfield>
  </datafield>
  <datafield ind1=" " ind2=" " tag="546">
    <subfield code="a">Text in English and Ojibway (Ojibwa, Northwestern)</subfield>
  </datafield>
  <datafield ind1=" " ind2=" " tag="500">
    <subfield code="a">Report available for download and printing at: http://www.edu.gov.on.ca/eng/training/literacy/naasaab/natconf.pdf.</subfield>
  </datafield>
  <datafield ind1=" " ind2=" " tag="590">
    <subfield code="a">ojb</subfield>
    <subfield code="2">Ethnologue 15 = ISO/DIS 639-3</subfield>
  </datafield>
  <datafield ind1=" " ind2="0" tag="650">
    <subfield code="a">Ojibwa language</subfield>
    <subfield code="x">Writing</subfield>
    <subfield code="v">Congresses.</subfield>
  </datafield>
  <datafield ind1=" " ind2="0" tag="650">
    <subfield code="a">Ojibwa language</subfield>
    <subfield code="x">Alphabet</subfield>
    <subfield code="v">Congresses.</subfield>
  </datafield>
  <datafield ind1=" " ind2="0" tag="650">
    <subfield code="a">Ojibwa language</subfield>
    <subfield code="x">Standardization</subfield>
    <subfield code="v">Congresses.</subfield>
  </datafield>
  <datafield ind1="1" ind2=" " tag="700">
    <subfield code="a">Ningewance, Pat.</subfield>
  </datafield>
  <datafield ind1="2" ind2=" " tag="710">
    <subfield code="a">Ontario.</subfield>
    <subfield code="b">Literacy and Basic Skills Section.</subfield>
  </datafield>
  <datafield ind1=" " ind2=" " tag="035">
    <subfield code="a">(TxDaGIAL)37741100029472</subfield>
  </datafield>
  <controlfield tag="005">20080624172628.0</controlfield>
  <controlfield tag="001">28192</controlfield>
  <controlfield tag="003">TxDaGIAL</controlfield>
  <datafield ind1=" " ind2=" " tag="852">
    <subfield code="p">37741100029472</subfield>
    <subfield code="a">Library</subfield>
    <subfield code="9">$0.00</subfield>
    <subfield code="x">FUND:Gift</subfield>
    <subfield code="x">COPYID:35197</subfield>
    <subfield code="x">FSC@aRegular@c20060220</subfield>
    <subfield code="h">497.333 N112n 1996</subfield>
    <subfield code="z">Gift Beatrice Myers 6-04</subfield>
  </datafield>
</record>