
<?xml version="1.0"?>
<record>
  <leader>01668cam a2200409 a 4500</leader>
  <controlfield tag="008">971031s1998    txuab    b   s001 0 eng  </controlfield>
  <datafield ind1=" " ind2=" " tag="010">
    <subfield code="a">   97045751</subfield>
  </datafield>
  <datafield ind1=" " ind2=" " tag="020">
    <subfield code="a">029272814X (pbk. : alk. paper)</subfield>
  </datafield>
  <datafield ind1=" " ind2=" " tag="020">
    <subfield code="a">0292728131 (cloth : alk. paper)</subfield>
  </datafield>
  <datafield ind1=" " ind2=" " tag="035">
    <subfield code="a">(DLC)   97045751</subfield>
  </datafield>
  <datafield ind1=" " ind2=" " tag="035">
    <subfield code="a">(DLC)2600186</subfield>
  </datafield>
  <datafield ind1=" " ind2=" " tag="040">
    <subfield code="a">DLC</subfield>
    <subfield code="c">DLC</subfield>
    <subfield code="d">DLC</subfield>
    <subfield code="d">TxDaGIAL</subfield>
  </datafield>
  <datafield ind1=" " ind2=" " tag="043">
    <subfield code="a">ncgt---</subfield>
  </datafield>
  <datafield ind1="0" ind2="0" tag="050">
    <subfield code="a">PM3576</subfield>
    <subfield code="b">.L54 1998</subfield>
  </datafield>
  <datafield ind1="0" ind2="0" tag="082">
    <subfield code="a">497/.422</subfield>
    <subfield code="2">21</subfield>
  </datafield>
  <datafield ind1=" " ind2=" " tag="094">
    <subfield code="a">cak00</subfield>
    <subfield code="2">ROPAL</subfield>
  </datafield>
  <datafield ind1="0" ind2="4" tag="245">
    <subfield code="a">The life of our language :</subfield>
    <subfield code="b">Kaqchikel Maya maintenance, shift, and revitalization /</subfield>
    <subfield code="c">Susan Garzon ... [et al.].</subfield>
  </datafield>
  <datafield ind1=" " ind2=" " tag="250">
    <subfield code="a">1st ed.</subfield>
  </datafield>
  <datafield ind1=" " ind2=" " tag="260">
    <subfield code="a">Austin :</subfield>
    <subfield code="b">University of Texas Press,</subfield>
    <subfield code="c">1998.</subfield>
  </datafield>
  <datafield ind1=" " ind2=" " tag="300">
    <subfield code="a">xiv, 239 p. :</subfield>
    <subfield code="b">ill., maps ;</subfield>
    <subfield code="c">23 cm.</subfield>
  </datafield>
  <datafield ind1=" " ind2=" " tag="504">
    <subfield code="a">Includes bibliographical references (p. [205]-221) and index.</subfield>
  </datafield>
  <datafield ind1=" " ind2=" " tag="500">
    <subfield code="a">Includes additional case studies by Julia Becker Richards and R.McKenna Brown and language contact experiences by Wuqu' Ajpub' (Arnulfo Sim&#xA9;&#x111;n), translated by Michael Dordick.</subfield>
  </datafield>
  <datafield ind1=" " ind2=" " tag="546">
    <subfield code="a">In English with transliterated text in Kaqchikel.</subfield>
  </datafield>
  <datafield ind1=" " ind2=" " tag="590">
    <subfield code="a">cak</subfield>
    <subfield code="2">Ethnologue 15 = ISO/DIS 639-3</subfield>
  </datafield>
  <datafield ind1=" " ind2="0" tag="650">
    <subfield code="a">Cakchikel language</subfield>
    <subfield code="x">Social aspects.</subfield>
  </datafield>
  <datafield ind1=" " ind2="0" tag="650">
    <subfield code="a">Cakchikel Indians</subfield>
    <subfield code="x">Social conditions.</subfield>
  </datafield>
  <datafield ind1=" " ind2="0" tag="650">
    <subfield code="a">Language maintenance</subfield>
    <subfield code="z">Guatemala.</subfield>
  </datafield>
  <datafield ind1="1" ind2=" " tag="700">
    <subfield code="a">Garzon, Susan,</subfield>
    <subfield code="d">1950-</subfield>
  </datafield>
  <datafield ind1="1" ind2=" " tag="700">
    <subfield code="a">Brown, R. McKenna,</subfield>
    <subfield code="d">1954-</subfield>
  </datafield>
  <datafield ind1="1" ind2=" " tag="700">
    <subfield code="a">Richards, Julia Becker.</subfield>
  </datafield>
  <datafield ind1="1" ind2=" " tag="700">
    <subfield code="a">Ajpub', Wuqu' (Arnulfo Sim&#xA9;&#x111;n)</subfield>
  </datafield>
  <datafield ind1="1" ind2=" " tag="700">
    <subfield code="a">Dordick, Michael.</subfield>
  </datafield>
  <datafield ind1=" " ind2=" " tag="035">
    <subfield code="a">(TxDaGIAL)37741100024532</subfield>
  </datafield>
  <controlfield tag="005">20080624172629.0</controlfield>
  <controlfield tag="001">28194</controlfield>
  <controlfield tag="003">TxDaGIAL</controlfield>
  <datafield ind1=" " ind2=" " tag="852">
    <subfield code="p">37741100024532</subfield>
    <subfield code="a">Library</subfield>
    <subfield code="9">$15.17</subfield>
    <subfield code="x">FUND:LD-Socio</subfield>
    <subfield code="x">COPYID:35199</subfield>
    <subfield code="x">FSC@aRegular@c20010214</subfield>
    <subfield code="h">497.422 G245L 1998</subfield>
    <subfield code="z">B/T 12-00</subfield>
  </datafield>
</record>