
<?xml version="1.0"?>
<record>
  <leader>01243cam a2200313 a 4500</leader>
  <controlfield tag="008">981030s1997    gw       b    000 0 ger  </controlfield>
  <datafield ind1=" " ind2=" " tag="010">
    <subfield code="a">   98215698</subfield>
  </datafield>
  <datafield ind1=" " ind2=" " tag="040">
    <subfield code="a">DLC</subfield>
    <subfield code="c">DLC</subfield>
    <subfield code="d">TxDaGIAL</subfield>
  </datafield>
  <datafield ind1="0" ind2=" " tag="041">
    <subfield code="a">gerengiro</subfield>
  </datafield>
  <datafield ind1="0" ind2="0" tag="050">
    <subfield code="a">PM757</subfield>
    <subfield code="b">.S27 1997</subfield>
  </datafield>
  <datafield ind1="0" ind2="0" tag="082">
    <subfield code="a">497/.55</subfield>
    <subfield code="2">21</subfield>
  </datafield>
  <datafield ind1="0" ind2="4" tag="082">
    <subfield code="a">497/.55/4</subfield>
    <subfield code="2">22</subfield>
  </datafield>
  <datafield ind1="1" ind2=" " tag="100">
    <subfield code="a">Sasse, Hans-J&#xA9;&#x1A1;rgen,</subfield>
    <subfield code="d">1943-</subfield>
  </datafield>
  <datafield ind1="1" ind2="0" tag="245">
    <subfield code="a">Aspektsemantik und Lexikonorganisation :</subfield>
    <subfield code="b">Beobachtungen zum Cayuga (Nordirokesisch) /</subfield>
    <subfield code="c">Hans-J&#xA9;&#x1A1;rgen Sasse.</subfield>
  </datafield>
  <datafield ind1=" " ind2=" " tag="260">
    <subfield code="a">K&#xA9;&#x153;ln :</subfield>
    <subfield code="b">Institut f&#xA9;&#x1A1;r Sprachwissenschaft der Universit&#xA9;&#xDE;t zu K&#xA9;&#x153;ln,</subfield>
    <subfield code="c">1997.</subfield>
  </datafield>
  <datafield ind1=" " ind2=" " tag="300">
    <subfield code="a">70 p. ;</subfield>
    <subfield code="c">30 cm.</subfield>
  </datafield>
  <datafield ind1="1" ind2=" " tag="490">
    <subfield code="a">Arbeitspapier ;</subfield>
    <subfield code="v">Nr. 28 (n.F.)</subfield>
  </datafield>
  <datafield ind1=" " ind2=" " tag="500">
    <subfield code="a">"Juli 1997."</subfield>
  </datafield>
  <datafield ind1=" " ind2=" " tag="504">
    <subfield code="a">Includes bibliographical references (p. 68-70)</subfield>
  </datafield>
  <datafield ind1=" " ind2=" " tag="546">
    <subfield code="a">German with some interlinear text in Cayuga and English.</subfield>
  </datafield>
  <datafield ind1=" " ind2=" " tag="590">
    <subfield code="a">cay</subfield>
    <subfield code="2">Ethnologue 15 = ISO/DIS 639-3</subfield>
  </datafield>
  <datafield ind1=" " ind2="0" tag="650">
    <subfield code="a">Cayuga language</subfield>
    <subfield code="x">Semantics.</subfield>
  </datafield>
  <datafield ind1=" " ind2="0" tag="650">
    <subfield code="a">Cayuga language</subfield>
    <subfield code="x">Lexicology.</subfield>
  </datafield>
  <datafield ind1=" " ind2="0" tag="830">
    <subfield code="a">Arbeitspapier (Universit&#xA9;&#xDE;t zu K&#xA9;&#x153;ln. Institut f&#xA9;&#x1A1;r Sprachwissenschaft) ;</subfield>
    <subfield code="v">n.F., Nr. 28.</subfield>
  </datafield>
  <datafield ind1=" " ind2=" " tag="035">
    <subfield code="a">(TxDaGIAL)37741100034015</subfield>
  </datafield>
  <controlfield tag="005">20080624172630.0</controlfield>
  <controlfield tag="001">28198</controlfield>
  <controlfield tag="003">TxDaGIAL</controlfield>
  <datafield ind1=" " ind2=" " tag="852">
    <subfield code="p">37741100034015</subfield>
    <subfield code="a">Library</subfield>
    <subfield code="9">$0.00</subfield>
    <subfield code="x">FUND:Gift</subfield>
    <subfield code="x">COPYID:35203</subfield>
    <subfield code="x">FSC@aRegular@c20060804</subfield>
    <subfield code="h">497.554 S252a 1997</subfield>
    <subfield code="z">Gift 9-98</subfield>
  </datafield>
</record>