
<?xml version="1.0"?>
<record>
  <leader>01903cam a2200373 a 4500</leader>
  <controlfield tag="008">970501s1997    onc      b   s100 0 eng  </controlfield>
  <datafield ind1=" " ind2=" " tag="020">
    <subfield code="a">0777861054</subfield>
  </datafield>
  <datafield ind1=" " ind2=" " tag="040">
    <subfield code="a">NLC</subfield>
    <subfield code="c">TxDaGIAL</subfield>
    <subfield code="d">TxDaGIAL</subfield>
  </datafield>
  <datafield ind1="0" ind2=" " tag="041">
    <subfield code="a">engmoh</subfield>
  </datafield>
  <datafield ind1="0" ind2="4" tag="082">
    <subfield code="a">497.5542</subfield>
    <subfield code="2">22</subfield>
  </datafield>
  <datafield ind1="2" ind2=" " tag="111">
    <subfield code="a">Mohawk Language Standardisation Conference</subfield>
    <subfield code="d">(1993 :</subfield>
    <subfield code="c">Tyendinaga Indian Reserve, [Bellville, Ont.])</subfield>
  </datafield>
  <datafield ind1="1" ind2="4" tag="245">
    <subfield code="a">The Mohawk Language Standardisation Project conference report, Aug. 9-10, 1993 /</subfield>
    <subfield code="c">submitted by Dorothy Karihw&#xA9;&#x266D;nhawe Lazore to the Mohawk Language Steering Committee ; edited and translated by Annette Kaia'tit&#xA9;&#x141;hkhe Jacobs, Nancy Kahawin&#xA9;&#x111;nkie Thompson and Minnie Kai&#xA9; :khons Leaf ; co-ordinated by Dan Rohkw&#xA9;&#x141;ho Thompson.</subfield>
  </datafield>
  <datafield ind1="1" ind2="1" tag="246">
    <subfield code="a">Kanie'keha Owen:na Katokenhston</subfield>
  </datafield>
  <datafield ind1=" " ind2=" " tag="260">
    <subfield code="a">Toronto :</subfield>
    <subfield code="b">Literacy and Basic Skills Section, Ontario Ministry of Education and Training,</subfield>
    <subfield code="c">c1997.</subfield>
  </datafield>
  <datafield ind1=" " ind2=" " tag="300">
    <subfield code="a">iii, 74, iii, 78 p. ;</subfield>
    <subfield code="c">28 cm.</subfield>
  </datafield>
  <datafield ind1=" " ind2="0" tag="440">
    <subfield code="a">Literacy Ontario</subfield>
  </datafield>
  <datafield ind1=" " ind2=" " tag="500">
    <subfield code="a">Title on added t.p.: Kanie'keha Owen:na Katokenhston.</subfield>
  </datafield>
  <datafield ind1=" " ind2=" " tag="500">
    <subfield code="a">Report available for viewing and printing at: http://www.edu.gov.on.ca/eng/training/literacy/mohawk/mohawk.html.</subfield>
  </datafield>
  <datafield ind1=" " ind2=" " tag="504">
    <subfield code="a">Includes bibliographical references.</subfield>
  </datafield>
  <datafield ind1=" " ind2=" " tag="546">
    <subfield code="a">Text in English and Mohawk.</subfield>
  </datafield>
  <datafield ind1=" " ind2=" " tag="590">
    <subfield code="a">moh</subfield>
    <subfield code="2">Ethnologue 15: ISO/DIS 639-3</subfield>
  </datafield>
  <datafield ind1=" " ind2="0" tag="650">
    <subfield code="a">Mohawk language</subfield>
    <subfield code="x">Writing</subfield>
    <subfield code="x">Standardization</subfield>
    <subfield code="v">Congresses.</subfield>
  </datafield>
  <datafield ind1=" " ind2="0" tag="650">
    <subfield code="a">Mohawk language</subfield>
    <subfield code="x">Alphabet</subfield>
    <subfield code="v">Congresses.</subfield>
  </datafield>
  <datafield ind1="1" ind2=" " tag="700">
    <subfield code="a">Lazore, Dorothy Karihwenhawe,</subfield>
    <subfield code="d">1947-</subfield>
  </datafield>
  <datafield ind1="1" ind2=" " tag="700">
    <subfield code="a">Jacobs, Annette.</subfield>
  </datafield>
  <datafield ind1="1" ind2=" " tag="700">
    <subfield code="a">Thompson, Nancy Kahawinonkie.</subfield>
  </datafield>
  <datafield ind1="1" ind2=" " tag="700">
    <subfield code="a">Leaf, Minnie Kaia:khons.</subfield>
  </datafield>
  <datafield ind1="2" ind2=" " tag="710">
    <subfield code="a">Mohawk Language Steering Committee.</subfield>
  </datafield>
  <datafield ind1="2" ind2=" " tag="710">
    <subfield code="a">Ontario.</subfield>
    <subfield code="b">Literacy and Basic Skills Section.</subfield>
  </datafield>
  <datafield ind1=" " ind2=" " tag="035">
    <subfield code="a">(TxDaGIAL)37741100029471</subfield>
  </datafield>
  <controlfield tag="005">20080624172630.0</controlfield>
  <controlfield tag="001">28199</controlfield>
  <controlfield tag="003">TxDaGIAL</controlfield>
  <datafield ind1=" " ind2=" " tag="852">
    <subfield code="p">37741100029471</subfield>
    <subfield code="a">Library</subfield>
    <subfield code="9">$0.00</subfield>
    <subfield code="x">FUND:Gift</subfield>
    <subfield code="x">COPYID:35204</subfield>
    <subfield code="x">FSC@aRegular@c20060220</subfield>
    <subfield code="h">497.5542 M697m 1993</subfield>
    <subfield code="z">Gift Beatrice Myers 6-04</subfield>
  </datafield>
</record>