
<?xml version="1.0"?>
<record>
  <leader>01222cam a2200301 a 4500</leader>
  <controlfield tag="008">710111s1970    caubc   rb    000 0 eng  </controlfield>
  <datafield ind1=" " ind2=" " tag="010">
    <subfield code="z">   77628358</subfield>
  </datafield>
  <datafield ind1=" " ind2=" " tag="040">
    <subfield code="a">TxDaGIAL</subfield>
    <subfield code="c">TxDaGIAL</subfield>
  </datafield>
  <datafield ind1="0" ind2=" " tag="041">
    <subfield code="a">engnai</subfield>
  </datafield>
  <datafield ind1="0" ind2="0" tag="050">
    <subfield code="a">PM1071</subfield>
    <subfield code="b">.L3 1970</subfield>
  </datafield>
  <datafield ind1="0" ind2="0" tag="082">
    <subfield code="a">497/.5</subfield>
  </datafield>
  <datafield ind1="0" ind2="4" tag="082">
    <subfield code="a">497/.572</subfield>
    <subfield code="2">22</subfield>
  </datafield>
  <datafield ind1="1" ind2=" " tag="100">
    <subfield code="a">Langdon, Margaret,</subfield>
    <subfield code="d">1926-2005.</subfield>
  </datafield>
  <datafield ind1="1" ind2="2" tag="245">
    <subfield code="a">A grammar of Diegue&#xA9;&#x142;o :</subfield>
    <subfield code="b">the Mesa Grande dialect /</subfield>
    <subfield code="c">by Margaret Langdon.</subfield>
  </datafield>
  <datafield ind1=" " ind2=" " tag="260">
    <subfield code="a">Berkeley :</subfield>
    <subfield code="b">University of California Press,</subfield>
    <subfield code="c">1970.</subfield>
  </datafield>
  <datafield ind1=" " ind2=" " tag="300">
    <subfield code="a">xiii, 200 leaves :</subfield>
    <subfield code="b">map, ports. ;</subfield>
    <subfield code="c">30 cm.</subfield>
  </datafield>
  <datafield ind1=" " ind2="0" tag="440">
    <subfield code="a">University of California publications in linguistics ;</subfield>
    <subfield code="v">v. 66</subfield>
  </datafield>
  <datafield ind1=" " ind2=" " tag="504">
    <subfield code="a">Includes bibliographical references (leaves 6-9)</subfield>
  </datafield>
  <datafield ind1=" " ind2=" " tag="500">
    <subfield code="a">Originally presented as the author's thesis, University of California, 1966.</subfield>
  </datafield>
  <datafield ind1=" " ind2=" " tag="500">
    <subfield code="a">Photocopy.</subfield>
  </datafield>
  <datafield ind1=" " ind2=" " tag="546">
    <subfield code="a">English with interlinear or parallel text in Kumiai (Diegue&#xA9;&#x142;o)</subfield>
  </datafield>
  <datafield ind1=" " ind2=" " tag="590">
    <subfield code="a">dih</subfield>
    <subfield code="2">Ethnologue 15 = ISO 639-3</subfield>
  </datafield>
  <datafield ind1=" " ind2="0" tag="650">
    <subfield code="a">Diegue&#xA9;&#x142;o language</subfield>
    <subfield code="x">Grammar.</subfield>
  </datafield>
  <datafield ind1=" " ind2=" " tag="035">
    <subfield code="a">(TxDaGIAL)37741100035179</subfield>
  </datafield>
  <controlfield tag="005">20080624172630.0</controlfield>
  <controlfield tag="001">28201</controlfield>
  <controlfield tag="003">TxDaGIAL</controlfield>
  <datafield ind1=" " ind2=" " tag="852">
    <subfield code="p">37741100035179</subfield>
    <subfield code="a">Library</subfield>
    <subfield code="b">James E. Redden Coll</subfield>
    <subfield code="9">$0.00</subfield>
    <subfield code="x">FUND:Gift</subfield>
    <subfield code="x">COPYID:35206</subfield>
    <subfield code="x">FSC@aRegular@c20080117</subfield>
    <subfield code="h">497.572 L273g 1970</subfield>
    <subfield code="z">Gift James E. Redden 10-07</subfield>
  </datafield>
</record>