
<?xml version="1.0"?>
<record>
  <leader>01347nam a2200301 a 4500</leader>
  <controlfield tag="008">070711s1978    mx       d    000 0 spa d</controlfield>
  <datafield ind1=" " ind2=" " tag="020">
    <subfield code="a">9683100074</subfield>
  </datafield>
  <datafield ind1=" " ind2=" " tag="035">
    <subfield code="a">(OCLC)ocm48327605</subfield>
  </datafield>
  <datafield ind1=" " ind2=" " tag="040">
    <subfield code="a">TxDaGIAL</subfield>
    <subfield code="c">TxDaGIAL</subfield>
  </datafield>
  <datafield ind1="1" ind2=" " tag="041">
    <subfield code="a">spacai</subfield>
  </datafield>
  <datafield ind1="0" ind2="4" tag="082">
    <subfield code="a">497.6</subfield>
    <subfield code="2">22</subfield>
  </datafield>
  <datafield ind1="2" ind2=" " tag="110">
    <subfield code="a">Summer Institute of Linguistics.</subfield>
  </datafield>
  <datafield ind1="1" ind2="0" tag="245">
    <subfield code="a">Gram&#xA9;&#x141;tica del popoloca :</subfield>
    <subfield code="b">popoloca de San Marcos Tlacoyalco.</subfield>
  </datafield>
  <datafield ind1=" " ind2=" " tag="250">
    <subfield code="a">1a. ed.</subfield>
  </datafield>
  <datafield ind1=" " ind2=" " tag="260">
    <subfield code="a">M&#xA9;&#x266D;xico, D.F. :</subfield>
    <subfield code="b">Secretar&#xA9;&#x1AF;a de Educaci&#xA9;&#x111;n P&#xA9;&#xF0;blica :</subfield>
    <subfield code="b">Direcci&#xA9;&#x111;n General de Servicios Educativos en el Medio Ind&#xA9;&#x1AF;gena,</subfield>
    <subfield code="c">1978.</subfield>
  </datafield>
  <datafield ind1=" " ind2=" " tag="300">
    <subfield code="a">81 p. ;</subfield>
    <subfield code="c">23 cm.</subfield>
  </datafield>
  <datafield ind1=" " ind2=" " tag="500">
    <subfield code="a">"Investigadora ling&#xA9;&#x1A1;&#xA9;&#x1AF;stica: Shar&#xA9;&#x111;n Stark C. Bajo la direcci&#xA9;&#x111;n del Instituto Ling&#xA9;&#x1A1;&#xA9;&#x1AF;stico de Verano, A.C. Idioma: Popoloca del Norte, San Marcos Tlacoyalco, Tlacotepec, Puebla" -- inside back cover.</subfield>
  </datafield>
  <datafield ind1=" " ind2=" " tag="546">
    <subfield code="a">In Spanish with frequent terms and parallel text in San Marcos Tlacoyalco Popoloca.</subfield>
  </datafield>
  <datafield ind1=" " ind2=" " tag="590">
    <subfield code="a">pls</subfield>
    <subfield code="2">Ethnologue 15 = ISO 639-3</subfield>
  </datafield>
  <datafield ind1=" " ind2="0" tag="650">
    <subfield code="a">Popoloca language</subfield>
    <subfield code="x">Grammar.</subfield>
  </datafield>
  <datafield ind1=" " ind2="0" tag="650">
    <subfield code="a">Otomanguean languages.</subfield>
  </datafield>
  <datafield ind1="1" ind2=" " tag="700">
    <subfield code="a">Stark, Sharon.</subfield>
  </datafield>
  <datafield ind1="2" ind2=" " tag="710">
    <subfield code="a">Direcci&#xA9;&#x111;n General de Servicios Educativos en el Medio Ind&#xA9;&#x1AF;gena.</subfield>
  </datafield>
  <datafield ind1=" " ind2=" " tag="035">
    <subfield code="a">(TxDaGIAL)37741100034959</subfield>
  </datafield>
  <controlfield tag="005">20080624172630.0</controlfield>
  <controlfield tag="001">28202</controlfield>
  <controlfield tag="003">TxDaGIAL</controlfield>
  <datafield ind1=" " ind2=" " tag="852">
    <subfield code="p">37741100034959</subfield>
    <subfield code="a">Library</subfield>
    <subfield code="9">$0.00</subfield>
    <subfield code="x">FUND:Gift</subfield>
    <subfield code="x">COPYID:35207</subfield>
    <subfield code="x">FSC@aRegular@c20070831</subfield>
    <subfield code="h">497.6 S955g 1978</subfield>
    <subfield code="z">Gift 5-07</subfield>
  </datafield>
</record>