
<?xml version="1.0"?>
<record>
  <leader>04339cam a2200565 a 4500</leader>
  <controlfield tag="008">040524s2004    mtua     b   s010 0 eng  </controlfield>
  <datafield ind1=" " ind2=" " tag="010">
    <subfield code="a">  2004012399</subfield>
  </datafield>
  <datafield ind1=" " ind2=" " tag="020">
    <subfield code="a">1879763176 (alk. paper)</subfield>
  </datafield>
  <datafield ind1=" " ind2=" " tag="035">
    <subfield code="a">(DLC)13604161</subfield>
  </datafield>
  <datafield ind1=" " ind2=" " tag="040">
    <subfield code="a">DLC</subfield>
    <subfield code="c">DLC</subfield>
    <subfield code="d">DLC</subfield>
    <subfield code="d">TxDaGIAL</subfield>
  </datafield>
  <datafield ind1="0" ind2=" " tag="041">
    <subfield code="a">engsal</subfield>
  </datafield>
  <datafield ind1=" " ind2=" " tag="042">
    <subfield code="a">pcc</subfield>
  </datafield>
  <datafield ind1="0" ind2="0" tag="050">
    <subfield code="a">PM2262</subfield>
    <subfield code="b">.S78 2004</subfield>
  </datafield>
  <datafield ind1="0" ind2="0" tag="082">
    <subfield code="a">497/.94</subfield>
    <subfield code="2">22</subfield>
  </datafield>
  <datafield ind1="0" ind2="0" tag="245">
    <subfield code="a">Studies in Salish linguistics in honor of M. Dale Kinkade /</subfield>
    <subfield code="c">edited by Donna B. Gerdts and Lisa Matthewson.</subfield>
  </datafield>
  <datafield ind1="3" ind2="8" tag="246">
    <subfield code="a">In honor of M. Dale Kinkade</subfield>
  </datafield>
  <datafield ind1=" " ind2=" " tag="260">
    <subfield code="a">Missoula, Mont. :</subfield>
    <subfield code="b">University of Montana,</subfield>
    <subfield code="c">2004.</subfield>
  </datafield>
  <datafield ind1=" " ind2=" " tag="300">
    <subfield code="a">ix, 471 p. :</subfield>
    <subfield code="b">ill. ;</subfield>
    <subfield code="c">23 cm.</subfield>
  </datafield>
  <datafield ind1="1" ind2=" " tag="490">
    <subfield code="a">UM occasional papers in linguistics ;</subfield>
    <subfield code="v">no. 17</subfield>
  </datafield>
  <datafield ind1=" " ind2=" " tag="504">
    <subfield code="a">Includes bibliographical references.</subfield>
  </datafield>
  <datafield ind1="8" ind2=" " tag="505">
    <subfield code="a">Appreciating Dale Kinkade / Henry Davis -- Subject clitics and their effect on temporal interpretation: A case study of S &#xF8;kw &#xF8;xw&#xA9;&#xF0;7mesh and St&#xA9;&#x111;:l&#xBF; Halq'em&#xA9;&#x266D;ylem / Leora Bar-El, Carrie Gillon, Peter Jacobs, Linda Tamburri Watt, and Martina Wiltschko -- Intonation units in Okanagan / Paul Barthmaier -- A preliminary look at glottalized resonants in St'&#xA9;&#x141;t'imcets / Marion G. Caldecott -- A laryngoscopic phonetic study of Nlaka'pamux (Thompson) Salish glottal stop, glottalized resonants, and pharyngeals / Barry F. Carlson, John H. Esling, and Jimmy G. Harris -- The morphological and phonological status of Nxa amxc&#xA9;&#x1AF;n lexical suffixes / Ewa Czaykowska-Higgins -- On the presuppositionality of clefts in Samish and St'&#xA9;&#x141;t'imcets / Henry Davis, Lisa Matthewson, and Scott Shank -- Notes on reduplication in Coeur d'Alene / Ivy Doak -- The lizard chronicles / Dwight Gardiner and Brian Compton -- Determiners and transitivity in Halkomelem texts / Donna B. Gerdts and Thomas E. Hukari -- Lushootseed appliatives and their ilk / Thom Hess and Dawn Bates -- That Salish feeling / Vi Taq&#xBF;&#x141;eblu Hilbert and Jay Miller -- Culturally motivated semantic changes in lexical suffixes: Some Halkomelem examples / Mercedes Q. Hinkson and Wayne Suttles -- Adverbs of quantification in Straits Salish and the LINK  u  / Eloise Jelinek and Richard Demers -- Form and function of the two object suffix sets / Kaoru Kiyosawa -- Word-initial developments in Northern Central Salish / Paul Kroeber and Honor&#xA9;&#x266D; Watanabe -- The Okanagan transitive sentence prototype / Anthony Mattina -- smiy&#xA9;&#x141;w sucnm&#xA9;&#x1AF;nctexw: Coyote proposes / Nancy Mattina -- Retraction in Klallam vowels / Timothy Montler -- A phonetic study of schwa in St'&#xA9;&#x141;t'imcets (Lillooet Salish) / Kimary Shahin and Susan J. Blake -- Reduplicant order and identity: Never trust a Salish CVC either? / Patricia A. Shaw -- Truncation in Montana Salish / Lucy Thomason and Sarah G. Thomason -- Proto-Salish *y in Coastal Salishan languages / Nile R. Thompson and C. Dale Sloat -- Grass, hay and weedy growth:</subfield>
  </datafield>
  <datafield ind1=" " ind2=" " tag="546">
    <subfield code="a">English with frequent interlinear text in various Salishan languages.</subfield>
  </datafield>
  <datafield ind1=" " ind2=" " tag="590">
    <subfield code="a">squ</subfield>
    <subfield code="2">Ethnologue 15 = ISO/DIS 639-3</subfield>
  </datafield>
  <datafield ind1=" " ind2=" " tag="590">
    <subfield code="a">hur</subfield>
    <subfield code="2">Ethnologue 15 = ISO/DIS 639-3</subfield>
  </datafield>
  <datafield ind1=" " ind2=" " tag="590">
    <subfield code="a">oka</subfield>
    <subfield code="2">Ethnologue 15 = ISO/DIS 639-3</subfield>
  </datafield>
  <datafield ind1=" " ind2=" " tag="590">
    <subfield code="a">lil</subfield>
    <subfield code="2">Ethnologue 15 = ISO/DIS 639-3</subfield>
  </datafield>
  <datafield ind1=" " ind2=" " tag="590">
    <subfield code="a">thp</subfield>
    <subfield code="2">Ethnologue 15 = ISO/DIS 639-3</subfield>
  </datafield>
  <datafield ind1=" " ind2=" " tag="590">
    <subfield code="a">col</subfield>
    <subfield code="2">Ethnologue 15 = ISO/DIS 639-3</subfield>
  </datafield>
  <datafield ind1=" " ind2=" " tag="590">
    <subfield code="a">str</subfield>
    <subfield code="2">Ethnologue 15 = ISO/DIS 639-3</subfield>
  </datafield>
  <datafield ind1=" " ind2=" " tag="590">
    <subfield code="a">crd</subfield>
    <subfield code="2">Ethnologue 15 = ISO/DIS 639-3</subfield>
  </datafield>
  <datafield ind1=" " ind2=" " tag="590">
    <subfield code="a">shs</subfield>
    <subfield code="2">Ethnologue 15 = ISO/DIS 639-3</subfield>
  </datafield>
  <datafield ind1=" " ind2=" " tag="590">
    <subfield code="a">lut</subfield>
    <subfield code="2">Ethnologue 15 = ISO/DIS 639-3</subfield>
  </datafield>
  <datafield ind1=" " ind2=" " tag="590">
    <subfield code="a">clm</subfield>
    <subfield code="2">Ethnologue 15 = ISO/DIS 639-3</subfield>
  </datafield>
  <datafield ind1=" " ind2=" " tag="590">
    <subfield code="a">coo</subfield>
    <subfield code="2">Ethnologue 15 = ISO/DIS 639-3</subfield>
  </datafield>
  <datafield ind1=" " ind2=" " tag="590">
    <subfield code="a">fla</subfield>
    <subfield code="2">Ethnologue 15 = ISO/DIS 639-3</subfield>
  </datafield>
  <datafield ind1=" " ind2="0" tag="650">
    <subfield code="a">Salishan languages</subfield>
    <subfield code="x">Phonology.</subfield>
  </datafield>
  <datafield ind1=" " ind2="0" tag="650">
    <subfield code="a">Salishan languages</subfield>
    <subfield code="x">Morphology.</subfield>
  </datafield>
  <datafield ind1=" " ind2="0" tag="650">
    <subfield code="a">Salishan languages</subfield>
    <subfield code="x">Syntax.</subfield>
  </datafield>
  <datafield ind1="1" ind2="0" tag="600">
    <subfield code="a">Kinkade, M. Dale</subfield>
    <subfield code="q">(Marvin Dale),</subfield>
    <subfield code="d">1933-</subfield>
  </datafield>
  <datafield ind1=" " ind2="0" tag="651">
    <subfield code="a">Northwest, Pacific</subfield>
    <subfield code="x">Languages.</subfield>
  </datafield>
  <datafield ind1="1" ind2=" " tag="700">
    <subfield code="a">Kinkade, M. Dale</subfield>
    <subfield code="q">(Marvin Dale),</subfield>
    <subfield code="d">1933-</subfield>
  </datafield>
  <datafield ind1="1" ind2=" " tag="700">
    <subfield code="a">Gerdts, Donna B.</subfield>
  </datafield>
  <datafield ind1="1" ind2=" " tag="700">
    <subfield code="a">Matthewson, Lisa,</subfield>
    <subfield code="d">1968-</subfield>
  </datafield>
  <datafield ind1=" " ind2="0" tag="830">
    <subfield code="a">Occasional papers in linguistics (Missoula, Mont.) ;</subfield>
    <subfield code="v">no. 17.</subfield>
  </datafield>
  <datafield ind1="4" ind2="1" tag="856">
    <subfield code="3">Table of contents</subfield>
    <subfield code="u">http://www.loc.gov/catdir/toc/ecip0419/2004012399.html</subfield>
  </datafield>
  <datafield ind1=" " ind2=" " tag="035">
    <subfield code="a">(TxDaGIAL)37741100029233</subfield>
  </datafield>
  <controlfield tag="005">20080624172631.0</controlfield>
  <controlfield tag="001">28203</controlfield>
  <controlfield tag="003">TxDaGIAL</controlfield>
  <datafield ind1=" " ind2=" " tag="852">
    <subfield code="p">37741100029233</subfield>
    <subfield code="a">Library</subfield>
    <subfield code="9">$20.00</subfield>
    <subfield code="x">FUND:M. Langs</subfield>
    <subfield code="x">COPYID:35208</subfield>
    <subfield code="x">FSC@aRegular@c20060120</subfield>
    <subfield code="h">497.94 S933g 2004</subfield>
    <subfield code="z">Direct University of Montana 11-05</subfield>
  </datafield>
</record>