
<?xml version="1.0"?>
<record>
  <leader>01366cam a2200313 a 4500</leader>
  <controlfield tag="008">030729s2003    gw       b    000 0 ger  </controlfield>
  <datafield ind1=" " ind2=" " tag="010">
    <subfield code="a">  2003476708</subfield>
  </datafield>
  <datafield ind1=" " ind2=" " tag="040">
    <subfield code="a">DLC</subfield>
    <subfield code="c">DLC</subfield>
    <subfield code="d">DLC</subfield>
    <subfield code="d">TxDaGIAL</subfield>
  </datafield>
  <datafield ind1="0" ind2=" " tag="041">
    <subfield code="a">geraymspaeng</subfield>
  </datafield>
  <datafield ind1=" " ind2=" " tag="042">
    <subfield code="a">pcc</subfield>
  </datafield>
  <datafield ind1="0" ind2="0" tag="050">
    <subfield code="a">PM5572</subfield>
    <subfield code="b">.H38 2003</subfield>
  </datafield>
  <datafield ind1="0" ind2="0" tag="082">
    <subfield code="a">498/.324/592</subfield>
    <subfield code="2">22</subfield>
  </datafield>
  <datafield ind1="1" ind2=" " tag="100">
    <subfield code="a">Haude, Katharina.</subfield>
  </datafield>
  <datafield ind1="1" ind2="0" tag="245">
    <subfield code="a">Zur Semantik von Direktionalit&#xA9;&#xDE;t und ihren Erweiterungen :</subfield>
    <subfield code="b">das Suffix "-su" im Aymara /</subfield>
    <subfield code="c">Katharina Haude.</subfield>
  </datafield>
  <datafield ind1=" " ind2=" " tag="260">
    <subfield code="a">K&#xA9;&#x153;ln :</subfield>
    <subfield code="b">Institut f&#xA9;&#x1A1;r Sprachwissenschaft der Universit&#xA9;&#xDE;t zu K&#xA9;&#x153;ln,</subfield>
    <subfield code="c">2003.</subfield>
  </datafield>
  <datafield ind1=" " ind2=" " tag="300">
    <subfield code="a">67, xxi p. ;</subfield>
    <subfield code="c">30 cm.</subfield>
  </datafield>
  <datafield ind1="1" ind2=" " tag="490">
    <subfield code="a">Arbeitspapier / Institut f&#xA9;&#x1A1;r Sprachwissenschaft, Universit&#xA9;&#xDE;t zu K&#xA9;&#x153;ln,</subfield>
    <subfield code="x">1615-1496 ;</subfield>
    <subfield code="v">Nr. 45, n.F</subfield>
  </datafield>
  <datafield ind1=" " ind2=" " tag="504">
    <subfield code="a">Includes bibliographical references (p. 65-67)</subfield>
  </datafield>
  <datafield ind1=" " ind2=" " tag="546">
    <subfield code="a">German with interlinear text in Aymara, and occasionally in Spanish, occasional text in English.</subfield>
  </datafield>
  <datafield ind1=" " ind2=" " tag="590">
    <subfield code="a">ayr</subfield>
    <subfield code="2">Ethnologue 15 = ISO/DIS 639-3</subfield>
  </datafield>
  <datafield ind1=" " ind2="0" tag="650">
    <subfield code="a">Aymara language</subfield>
    <subfield code="x">Suffixes and prefixes.</subfield>
  </datafield>
  <datafield ind1=" " ind2="0" tag="650">
    <subfield code="a">Aymara language</subfield>
    <subfield code="x">Grammar.</subfield>
  </datafield>
  <datafield ind1=" " ind2="0" tag="651">
    <subfield code="a">Bolivia</subfield>
    <subfield code="x">Languages.</subfield>
  </datafield>
  <datafield ind1=" " ind2="0" tag="830">
    <subfield code="a">Arbeitspapier (Universit&#xA9;&#xDE;t zu K&#xA9;&#x153;ln. Institut f&#xA9;&#x1A1;r Sprachwissenschaft)</subfield>
    <subfield code="v">n.F., Nr. 45.</subfield>
  </datafield>
  <datafield ind1=" " ind2=" " tag="035">
    <subfield code="a">(TxDaGIAL)37741100034033</subfield>
  </datafield>
  <controlfield tag="005">20080624172634.0</controlfield>
  <controlfield tag="001">28221</controlfield>
  <controlfield tag="003">TxDaGIAL</controlfield>
  <datafield ind1=" " ind2=" " tag="852">
    <subfield code="p">37741100034033</subfield>
    <subfield code="a">Library</subfield>
    <subfield code="9">$0.00</subfield>
    <subfield code="x">FUND:Gift</subfield>
    <subfield code="x">COPYID:35235</subfield>
    <subfield code="x">FSC@aRegular@c20060804</subfield>
    <subfield code="h">498.324 H368z 2003</subfield>
    <subfield code="z">Gift 3-03</subfield>
  </datafield>
</record>