
<?xml version="1.0"?>
<record>
  <leader>01238ntm a2200325 a 4500</leader>
  <controlfield tag="008">060328s1961    xx a    rbm   000 0deng d</controlfield>
  <datafield ind1=" " ind2=" " tag="035">
    <subfield code="a">(OCoLC) 14063892</subfield>
  </datafield>
  <datafield ind1=" " ind2=" " tag="040">
    <subfield code="a">TxDaGIAL</subfield>
    <subfield code="c">TxDaGIAL</subfield>
  </datafield>
  <datafield ind1="1" ind2=" " tag="041">
    <subfield code="a">enggrn</subfield>
  </datafield>
  <datafield ind1="0" ind2="4" tag="082">
    <subfield code="a">498.382</subfield>
    <subfield code="2">22</subfield>
  </datafield>
  <datafield ind1="1" ind2=" " tag="100">
    <subfield code="a">Su&#xA9;&#x141;rez, Emma Gregores,</subfield>
    <subfield code="d">1927-</subfield>
  </datafield>
  <datafield ind1="1" ind2="2" tag="245">
    <subfield code="a">A description of colloquial Guaran&#xA9;&#x1AF;</subfield>
    <subfield code="h">[manuscript] /</subfield>
    <subfield code="c">by Emma Gregores Su&#xA9;&#x141;rez and Jorge Alberto Su&#xA9;&#x141;rez.</subfield>
  </datafield>
  <datafield ind1=" " ind2=" " tag="260">
    <subfield code="c">c1961.</subfield>
  </datafield>
  <datafield ind1=" " ind2=" " tag="300">
    <subfield code="a">x, 450 leaves :</subfield>
    <subfield code="b">ill. ;</subfield>
    <subfield code="c">29 cm.</subfield>
  </datafield>
  <datafield ind1=" " ind2=" " tag="504">
    <subfield code="a">Includes bibliographical references (leaf 450)</subfield>
  </datafield>
  <datafield ind1=" " ind2=" " tag="502">
    <subfield code="a">Joint thesis (Ph.D.) -- Cornell University, 1961.</subfield>
  </datafield>
  <datafield ind1=" " ind2=" " tag="500">
    <subfield code="a">Includes vitas.</subfield>
  </datafield>
  <datafield ind1=" " ind2=" " tag="533">
    <subfield code="a">Photocopy.</subfield>
    <subfield code="b">Ann Arbor, Mich. :</subfield>
    <subfield code="c">University Microfilms International,</subfield>
    <subfield code="d">1983.</subfield>
    <subfield code="e">20 cm.</subfield>
  </datafield>
  <datafield ind1=" " ind2=" " tag="546">
    <subfield code="a">English with Guaran&#xA9;&#x1AF;.</subfield>
  </datafield>
  <datafield ind1=" " ind2=" " tag="590">
    <subfield code="a">gui</subfield>
    <subfield code="2">Ethnologue 15 = ISO/DIS 639-3</subfield>
  </datafield>
  <datafield ind1=" " ind2=" " tag="590">
    <subfield code="a">GIAL-affiliated circulation only.</subfield>
  </datafield>
  <datafield ind1=" " ind2="0" tag="650">
    <subfield code="a">Guarani language</subfield>
    <subfield code="x">Grammar.</subfield>
  </datafield>
  <datafield ind1=" " ind2="0" tag="650">
    <subfield code="a">Guarani language</subfield>
    <subfield code="x">Phonology.</subfield>
  </datafield>
  <datafield ind1=" " ind2="0" tag="651">
    <subfield code="a">Argentina</subfield>
    <subfield code="x">Languages.</subfield>
  </datafield>
  <datafield ind1="1" ind2=" " tag="700">
    <subfield code="a">Su&#xA9;&#x141;rez, Jorge A.</subfield>
  </datafield>
  <datafield ind1=" " ind2=" " tag="035">
    <subfield code="a">(TxDaGIAL)37741100029745</subfield>
  </datafield>
  <controlfield tag="005">20080624172634.0</controlfield>
  <controlfield tag="001">28225</controlfield>
  <controlfield tag="003">TxDaGIAL</controlfield>
  <datafield ind1=" " ind2=" " tag="852">
    <subfield code="p">37741100029745</subfield>
    <subfield code="a">Library</subfield>
    <subfield code="9">$0.00</subfield>
    <subfield code="x">FUND:Gift</subfield>
    <subfield code="x">COPYID:35239</subfield>
    <subfield code="x">FSC@aBOOK-LOCAL@c20060410</subfield>
    <subfield code="h">498.382 S939d 1961</subfield>
    <subfield code="z">Gift 1-06</subfield>
  </datafield>
</record>