
<?xml version="1.0"?>
<record>
  <leader>01343cam a2200349 a 4500</leader>
  <controlfield tag="007">ta</controlfield>
  <controlfield tag="008">050330s2004    gw a     b    000 0 ger c</controlfield>
  <datafield ind1=" " ind2=" " tag="035">
    <subfield code="a">(OCoLC)58726912</subfield>
  </datafield>
  <datafield ind1=" " ind2=" " tag="040">
    <subfield code="a">CLU</subfield>
    <subfield code="c">CLU</subfield>
    <subfield code="d">TxDaGIAL</subfield>
  </datafield>
  <datafield ind1="0" ind2=" " tag="041">
    <subfield code="a">gergrneng</subfield>
  </datafield>
  <datafield ind1=" " ind2=" " tag="042">
    <subfield code="a">pcc</subfield>
  </datafield>
  <datafield ind1=" " ind2="4" tag="050">
    <subfield code="a">PM6082</subfield>
    <subfield code="b">.N67 2004</subfield>
  </datafield>
  <datafield ind1="0" ind2="4" tag="082">
    <subfield code="a">498/.382/5</subfield>
    <subfield code="2">22</subfield>
  </datafield>
  <datafield ind1="1" ind2=" " tag="100">
    <subfield code="a">Nordhoff, Sebastian.</subfield>
  </datafield>
  <datafield ind1="1" ind2="0" tag="245">
    <subfield code="a">Nomen/Verb-Distinktion im Guarani /</subfield>
    <subfield code="c">Sebastian Nordhoff.</subfield>
  </datafield>
  <datafield ind1="3" ind2=" " tag="246">
    <subfield code="a">Nomen Verb Distinktion im Guarani</subfield>
  </datafield>
  <datafield ind1=" " ind2=" " tag="260">
    <subfield code="a">K&#xA9;&#x153;ln :</subfield>
    <subfield code="b">Institut f&#xA9;&#x1A1;r Linguistik, Abteilung Allgemeine Sprachwissenschaft, Universit&#xA9;&#xDE;t zu K&#xA9;&#x153;ln,</subfield>
    <subfield code="c">2004.</subfield>
  </datafield>
  <datafield ind1=" " ind2=" " tag="300">
    <subfield code="a">67, vii p. :</subfield>
    <subfield code="b">ill. ;</subfield>
    <subfield code="c">30 cm.</subfield>
  </datafield>
  <datafield ind1="1" ind2=" " tag="490">
    <subfield code="a">Arbeitspapier,</subfield>
    <subfield code="x">1615-1496 ;</subfield>
    <subfield code="v">n.F., Nr. 48</subfield>
  </datafield>
  <datafield ind1=" " ind2=" " tag="500">
    <subfield code="a">"September 2004."</subfield>
  </datafield>
  <datafield ind1=" " ind2=" " tag="504">
    <subfield code="a">Includes bibliographical references (p. i-v)</subfield>
  </datafield>
  <datafield ind1=" " ind2=" " tag="546">
    <subfield code="a">German with interlinear text in Guarani; little text in English.</subfield>
  </datafield>
  <datafield ind1=" " ind2=" " tag="590">
    <subfield code="a">gug</subfield>
    <subfield code="2">Ethnologue 15 = ISO/DIS 639-3</subfield>
  </datafield>
  <datafield ind1=" " ind2="0" tag="650">
    <subfield code="a">Guarani language</subfield>
    <subfield code="x">Noun.</subfield>
  </datafield>
  <datafield ind1=" " ind2="0" tag="650">
    <subfield code="a">Guarani language</subfield>
    <subfield code="x">Verb.</subfield>
  </datafield>
  <datafield ind1=" " ind2="0" tag="651">
    <subfield code="a">Paraguay</subfield>
    <subfield code="x">Languages.</subfield>
  </datafield>
  <datafield ind1=" " ind2="0" tag="830">
    <subfield code="a">Arbeitspapier (Universit&#xA9;&#xDE;t zu K&#xA9;&#x153;ln. Institut f&#xA9;&#x1A1;r Sprachwissenschaft) ;</subfield>
    <subfield code="v">n.F., Nr. 48.</subfield>
  </datafield>
  <datafield ind1=" " ind2=" " tag="035">
    <subfield code="a">(TxDaGIAL)37741100034023</subfield>
  </datafield>
  <controlfield tag="005">20080624172634.0</controlfield>
  <controlfield tag="001">28226</controlfield>
  <controlfield tag="003">TxDaGIAL</controlfield>
  <datafield ind1=" " ind2=" " tag="852">
    <subfield code="p">37741100034023</subfield>
    <subfield code="a">Library</subfield>
    <subfield code="9">$0.00</subfield>
    <subfield code="x">FUND:Gift</subfield>
    <subfield code="x">COPYID:35240</subfield>
    <subfield code="x">FSC@aRegular@c20060804</subfield>
    <subfield code="h">498.3825 N832n 2004</subfield>
    <subfield code="z">Gift 3-05</subfield>
  </datafield>
</record>