
<?xml version="1.0"?>
<record>
  <leader>01367cam a2200325 a 4500</leader>
  <controlfield tag="008">880311s1986    pe       d   f000 0 spa  </controlfield>
  <datafield ind1=" " ind2=" " tag="010">
    <subfield code="a">   88416149</subfield>
  </datafield>
  <datafield ind1=" " ind2=" " tag="040">
    <subfield code="a">DLC</subfield>
    <subfield code="c">DLC</subfield>
    <subfield code="d">DLC</subfield>
    <subfield code="d">TxDaGIAL</subfield>
  </datafield>
  <datafield ind1="0" ind2=" " tag="041">
    <subfield code="a">spasai</subfield>
  </datafield>
  <datafield ind1="0" ind2="0" tag="050">
    <subfield code="a">PM5818.Z5</subfield>
    <subfield code="b">N54 1986</subfield>
  </datafield>
  <datafield ind1="0" ind2="0" tag="082">
    <subfield code="a">498/.3</subfield>
    <subfield code="2">19</subfield>
  </datafield>
  <datafield ind1="0" ind2="4" tag="082">
    <subfield code="a">498/.3927</subfield>
    <subfield code="2">22 Expanded</subfield>
  </datafield>
  <datafield ind1="0" ind2="0" tag="245">
    <subfield code="a">Diccionario piro =</subfield>
    <subfield code="b">Tokanchi gikshijikowaka-steno /</subfield>
    <subfield code="c">recopiladora, Joyce Nies con la colaboraci&#xA9;&#x111;n de Juan Sebasti&#xA9;&#x141;n P&#xA9;&#x266D;rez-Etene ... [et al.].</subfield>
  </datafield>
  <datafield ind1=" " ind2=" " tag="250">
    <subfield code="a">1a ed.</subfield>
  </datafield>
  <datafield ind1=" " ind2=" " tag="260">
    <subfield code="a">[Lima, Peru] :</subfield>
    <subfield code="b">Ministerio de Educaci&#xA9;&#x111;n ;</subfield>
    <subfield code="a">Yarinacocha, Pucallpa, Per&#xA9;&#xF0; :</subfield>
    <subfield code="b">Instituto Ling&#xA9;&#x1A1;&#xA9;&#x1AF;stico de Verano,</subfield>
    <subfield code="c">1986.</subfield>
  </datafield>
  <datafield ind1=" " ind2=" " tag="300">
    <subfield code="a">592, [1] p. ;</subfield>
    <subfield code="c">22 cm.</subfield>
  </datafield>
  <datafield ind1=" " ind2="0" tag="440">
    <subfield code="a">Serie Ling&#xA9;&#x1A1;&#xA9;&#x1AF;stica peruana ;</subfield>
    <subfield code="v">no. 22</subfield>
  </datafield>
  <datafield ind1=" " ind2=" " tag="590">
    <subfield code="a">pib</subfield>
    <subfield code="2">Ethnologue 15 = ISO/DIS 639-3</subfield>
  </datafield>
  <datafield ind1=" " ind2=" " tag="546">
    <subfield code="a">In Spanish and Chontaquiro (Yine, "Piro"), an Arawakan language of Peru.</subfield>
  </datafield>
  <datafield ind1=" " ind2="0" tag="650">
    <subfield code="a">Chontaquiro language</subfield>
    <subfield code="v">Dictionaries</subfield>
    <subfield code="x">Spanish.</subfield>
  </datafield>
  <datafield ind1=" " ind2="0" tag="650">
    <subfield code="a">Spanish language</subfield>
    <subfield code="v">Dictionaries</subfield>
    <subfield code="x">Chontaquiro.</subfield>
  </datafield>
  <datafield ind1="1" ind2=" " tag="700">
    <subfield code="a">Nies, Joyce.</subfield>
  </datafield>
  <datafield ind1="1" ind2=" " tag="710">
    <subfield code="a">Peru.</subfield>
    <subfield code="b">Ministerio de Educaci&#xA9;&#x111;n.</subfield>
  </datafield>
  <datafield ind1="2" ind2=" " tag="710">
    <subfield code="a">Summer Institute of Linguistics.</subfield>
  </datafield>
  <datafield ind1="0" ind2=" " tag="740">
    <subfield code="a">Tokanchi gikshijikowaka-steno.</subfield>
  </datafield>
  <datafield ind1=" " ind2=" " tag="035">
    <subfield code="a">(TxDaGIAL)37741100034508</subfield>
  </datafield>
  <controlfield tag="005">20080624172635.0</controlfield>
  <controlfield tag="001">28230</controlfield>
  <controlfield tag="003">TxDaGIAL</controlfield>
  <datafield ind1=" " ind2=" " tag="852">
    <subfield code="p">37741100034508</subfield>
    <subfield code="a">Library</subfield>
    <subfield code="9">$0.00</subfield>
    <subfield code="x">FUND:Gift</subfield>
    <subfield code="x">COPYID:35245</subfield>
    <subfield code="x">FSC@aRegular@c20070207</subfield>
    <subfield code="h">498.3927 D545n 1986</subfield>
    <subfield code="z">Gift Rob Kimmons 9-06</subfield>
  </datafield>
</record>