
<?xml version="1.0"?>
<record>
  <leader>00944nam a2200241 a 4500</leader>
  <controlfield tag="008">970403s1985    txu           000 0 eng d</controlfield>
  <datafield ind1=" " ind2=" " tag="040">
    <subfield code="a">TxDaGIAL</subfield>
    <subfield code="c">TxDaGIAL</subfield>
  </datafield>
  <datafield ind1="0" ind2="4" tag="082">
    <subfield code="a">498/.4</subfield>
    <subfield code="2">22</subfield>
  </datafield>
  <datafield ind1="1" ind2=" " tag="100">
    <subfield code="a">Popovich, Andrew Harold.</subfield>
  </datafield>
  <datafield ind1="1" ind2="0" tag="245">
    <subfield code="a">Discourse phonology of Maxakal&#xA9;&#x1AF; :</subfield>
    <subfield code="b">a multilevel, multiunit approach /</subfield>
    <subfield code="c">by Andrew Harold Popovich.</subfield>
  </datafield>
  <datafield ind1=" " ind2=" " tag="260">
    <subfield code="c">1985.</subfield>
  </datafield>
  <datafield ind1=" " ind2=" " tag="300">
    <subfield code="a">xiii, 146 leaves :</subfield>
    <subfield code="b">ill. ;</subfield>
    <subfield code="c">28 cm.</subfield>
  </datafield>
  <datafield ind1=" " ind2=" " tag="500">
    <subfield code="a">Discourse phonology of Maxakal&#xA9;&#x1AF;.</subfield>
  </datafield>
  <datafield ind1=" " ind2=" " tag="502">
    <subfield code="a">Thesis (M.A.)--University of Texas at Arlington, 1985.</subfield>
  </datafield>
  <datafield ind1=" " ind2=" " tag="504">
    <subfield code="a">Includes bibliographic references (leabes 144-146).</subfield>
  </datafield>
  <datafield ind1=" " ind2=" " tag="590">
    <subfield code="a">mbl</subfield>
    <subfield code="2">Ethnologue 15 = ISO 639-3</subfield>
  </datafield>
  <datafield ind1=" " ind2="0" tag="650">
    <subfield code="a">Masacali language</subfield>
    <subfield code="x">Phonology.</subfield>
  </datafield>
  <datafield ind1=" " ind2="0" tag="650">
    <subfield code="a">Indians of South America</subfield>
    <subfield code="z">Brazil</subfield>
    <subfield code="x">Languages.</subfield>
  </datafield>
  <datafield ind1=" " ind2=" " tag="035">
    <subfield code="a">(TxDaGIAL)37741100016561</subfield>
  </datafield>
  <controlfield tag="005">20080624172636.0</controlfield>
  <controlfield tag="001">28236</controlfield>
  <controlfield tag="003">TxDaGIAL</controlfield>
  <datafield ind1=" " ind2=" " tag="852">
    <subfield code="p">37741100016561</subfield>
    <subfield code="a">Library</subfield>
    <subfield code="9">$0.00</subfield>
    <subfield code="x">COPYID:35252</subfield>
    <subfield code="x">FSC@aRegular@c19970404</subfield>
    <subfield code="h">498.4 P829d 1985</subfield>
    <subfield code="z">author gift 11423</subfield>
  </datafield>
</record>