
<?xml version="1.0"?>
<record>
  <leader>01316nam a2200253 a 4500</leader>
  <controlfield tag="008">070213s1978    bl a     d    000 0 por d</controlfield>
  <datafield ind1=" " ind2=" " tag="040">
    <subfield code="a">TxDaGIAL</subfield>
    <subfield code="c">TxDaGIAL</subfield>
  </datafield>
  <datafield ind1="1" ind2=" " tag="041">
    <subfield code="a">saipor</subfield>
  </datafield>
  <datafield ind1="0" ind2="4" tag="082">
    <subfield code="a">498.42</subfield>
    <subfield code="2">22</subfield>
  </datafield>
  <datafield ind1="0" ind2="0" tag="245">
    <subfield code="a">Vocabul&#xA9;&#x141;rio :</subfield>
    <subfield code="b">Bakair&#xA9;&#x1AF;-Portugu&#xA9;&#xAE;s Portugu&#xA9;&#xAE;s-Bakair&#xA9;&#x1AF;.</subfield>
  </datafield>
  <datafield ind1=" " ind2=" " tag="250">
    <subfield code="a">ed. experimental.</subfield>
  </datafield>
  <datafield ind1=" " ind2=" " tag="260">
    <subfield code="a">Bras&#xA9;&#x1AF;lia, DF [Brazil] :</subfield>
    <subfield code="b">Summer Institute of Linguistics,</subfield>
    <subfield code="c">1978.</subfield>
  </datafield>
  <datafield ind1=" " ind2=" " tag="300">
    <subfield code="a">81 p. :</subfield>
    <subfield code="b">ill. ;</subfield>
    <subfield code="c">21 cm.</subfield>
  </datafield>
  <datafield ind1=" " ind2=" " tag="500">
    <subfield code="a">This vocabulary was developed by the Bakairi people as part of the Seminar on Bakairi Orthography in 1977. The Seminar was sponsored by FUNAI, with participation from the Museu Nacional do Rio de Janeiro and directed by the Summer Intsitute of Linguistics. The final preparation of the entries was done by Estev&#xA9;&#x110;o Carlos Taukane, member of the Bakairi people. (translated from the preface)</subfield>
  </datafield>
  <datafield ind1=" " ind2=" " tag="546">
    <subfield code="a">Parallel text In Portuguese and Bakairi.</subfield>
  </datafield>
  <datafield ind1=" " ind2=" " tag="590">
    <subfield code="a">bkq</subfield>
    <subfield code="2">Ethnologue 15 = ISO 639-3</subfield>
  </datafield>
  <datafield ind1=" " ind2="0" tag="650">
    <subfield code="a">Bakairi language</subfield>
    <subfield code="v">Dictionaries</subfield>
    <subfield code="x">Portuguese.</subfield>
  </datafield>
  <datafield ind1=" " ind2="0" tag="650">
    <subfield code="a">Portuguese</subfield>
    <subfield code="v">Dictionaries</subfield>
    <subfield code="x">Bakairi language.</subfield>
  </datafield>
  <datafield ind1="1" ind2=" " tag="700">
    <subfield code="a">Taukane, Estev&#xA9;&#x110;o Carlos.</subfield>
  </datafield>
  <datafield ind1=" " ind2=" " tag="035">
    <subfield code="a">(TxDaGIAL)37741100034573</subfield>
  </datafield>
  <controlfield tag="005">20080624172637.0</controlfield>
  <controlfield tag="001">28243</controlfield>
  <controlfield tag="003">TxDaGIAL</controlfield>
  <datafield ind1=" " ind2=" " tag="852">
    <subfield code="p">37741100034573</subfield>
    <subfield code="a">Library</subfield>
    <subfield code="9">$0.00</subfield>
    <subfield code="x">FUND:Gift</subfield>
    <subfield code="x">COPYID:35261</subfield>
    <subfield code="x">FSC@aRegular@c20070306</subfield>
    <subfield code="h">498.42 V872t 1978</subfield>
    <subfield code="z">Gift Marlin Leaders 8-06</subfield>
  </datafield>
</record>