
<?xml version="1.0"?>
<record>
  <leader>01266nam a22003011  4500</leader>
  <controlfield tag="008">900112s1992    txua          001 0 eng d</controlfield>
  <datafield ind1=" " ind2=" " tag="010">
    <subfield code="a">93-86788</subfield>
  </datafield>
  <datafield ind1=" " ind2=" " tag="020">
    <subfield code="a">0883122766 :</subfield>
    <subfield code="c">$27.00</subfield>
  </datafield>
  <datafield ind1=" " ind2=" " tag="022">
    <subfield code="a">1040-0850</subfield>
  </datafield>
  <datafield ind1=" " ind2=" " tag="040">
    <subfield code="a">DLC</subfield>
    <subfield code="c">TxDaGIAL</subfield>
    <subfield code="d">TxDaGIAL</subfield>
  </datafield>
  <datafield ind1="0" ind2="4" tag="082">
    <subfield code="a">498/.9</subfield>
    <subfield code="2">22</subfield>
  </datafield>
  <datafield ind1="1" ind2=" " tag="100">
    <subfield code="a">Harms, Phillip Lee.</subfield>
  </datafield>
  <datafield ind1="1" ind2="0" tag="245">
    <subfield code="a">Epena Pedee syntax /</subfield>
    <subfield code="c">Phillip Lee Harms.</subfield>
  </datafield>
  <datafield ind1=" " ind2=" " tag="260">
    <subfield code="a">Dallas, Tex. :</subfield>
    <subfield code="b">Summer Institute of Linguistics :</subfield>
    <subfield code="b">University of Texas at Arlington,</subfield>
    <subfield code="c">1994.</subfield>
  </datafield>
  <datafield ind1=" " ind2=" " tag="300">
    <subfield code="a">xi, 213 p. :</subfield>
    <subfield code="b">ill.: map ;</subfield>
    <subfield code="c">23 cm.</subfield>
  </datafield>
  <datafield ind1=" " ind2="0" tag="440">
    <subfield code="a">Summer Institute of Linguistics and the University of Texas at Arlington publications in linguistics,</subfield>
    <subfield code="x">1040-0850 ;</subfield>
    <subfield code="v">118</subfield>
  </datafield>
  <datafield ind1=" " ind2="0" tag="440">
    <subfield code="a">Studies in the languages of Colombia ;</subfield>
    <subfield code="v">4</subfield>
  </datafield>
  <datafield ind1=" " ind2=" " tag="504">
    <subfield code="a">Includes bibliographical references (p. 207-208) and index.</subfield>
  </datafield>
  <datafield ind1=" " ind2=" " tag="590">
    <subfield code="a">sja</subfield>
    <subfield code="2">Ethnologue 15 = ISO 639-3</subfield>
  </datafield>
  <datafield ind1=" " ind2="0" tag="650">
    <subfield code="a">Epena Saija language</subfield>
    <subfield code="x">Grammar.</subfield>
  </datafield>
  <datafield ind1=" " ind2="0" tag="651">
    <subfield code="a">Colombia</subfield>
    <subfield code="x">Languages.</subfield>
  </datafield>
  <datafield ind1=" " ind2="0" tag="650">
    <subfield code="a">Epena Pedee language</subfield>
    <subfield code="x">Grammar.</subfield>
  </datafield>
  <datafield ind1=" " ind2=" " tag="035">
    <subfield code="a">(TxDaGIAL)37741100000139</subfield>
  </datafield>
  <controlfield tag="005">20080624172638.0</controlfield>
  <controlfield tag="001">28252</controlfield>
  <controlfield tag="003">TxDaGIAL</controlfield>
  <datafield ind1=" " ind2=" " tag="852">
    <subfield code="p">37741100000139</subfield>
    <subfield code="a">Library</subfield>
    <subfield code="9">$0.00</subfield>
    <subfield code="x">COPYID:35272</subfield>
    <subfield code="x">FSC@aRegular@c19940516</subfield>
    <subfield code="h">498.9 H288e 1994</subfield>
    <subfield code="z">Gift AcPub</subfield>
  </datafield>
  <datafield ind1=" " ind2=" " tag="852">
    <subfield code="p">37741100000151</subfield>
    <subfield code="a">Library</subfield>
    <subfield code="9">$22.00</subfield>
    <subfield code="x">COPYID:35273</subfield>
    <subfield code="x">FSC@aRegular@c19940516</subfield>
    <subfield code="h">498.9 H288e 1994</subfield>
    <subfield code="z">IAB</subfield>
  </datafield>
</record>