
<?xml version="1.0"?>
<record>
  <leader>00817nam a2200241 a 4500</leader>
  <controlfield tag="008">970407s1977    txu           000 0 eng d</controlfield>
  <datafield ind1=" " ind2=" " tag="040">
    <subfield code="a">TxDaGIAL</subfield>
    <subfield code="c">TxDaGIAL</subfield>
  </datafield>
  <datafield ind1="0" ind2="4" tag="082">
    <subfield code="a">498/.9</subfield>
    <subfield code="2">22</subfield>
  </datafield>
  <datafield ind1="1" ind2=" " tag="100">
    <subfield code="a">Morris, Judith Kay.</subfield>
  </datafield>
  <datafield ind1="1" ind2="0" tag="245">
    <subfield code="a">Nasality in &#xF0;&#x300;&#x1A1;per&#xA9;&#x110; /</subfield>
    <subfield code="c">by Judith Kay Morris.</subfield>
  </datafield>
  <datafield ind1=" " ind2=" " tag="260">
    <subfield code="c">1977.</subfield>
  </datafield>
  <datafield ind1=" " ind2=" " tag="300">
    <subfield code="a">37 leves ;</subfield>
    <subfield code="c">29 cm.</subfield>
  </datafield>
  <datafield ind1=" " ind2=" " tag="502">
    <subfield code="a">Thesis (M.A.)--University of Texas at Arlington, 1977.</subfield>
  </datafield>
  <datafield ind1=" " ind2=" " tag="504">
    <subfield code="a">Bibliography : leaves 36-37.</subfield>
  </datafield>
  <datafield ind1=" " ind2=" " tag="590">
    <subfield code="a">emp</subfield>
    <subfield code="2">Ethnologue 15 = ISO 639-3</subfield>
  </datafield>
  <datafield ind1=" " ind2="0" tag="650">
    <subfield code="a">Choco languages.</subfield>
  </datafield>
  <datafield ind1=" " ind2="0" tag="650">
    <subfield code="a">Nasality (Phonetics)</subfield>
  </datafield>
  <datafield ind1="2" ind2="0" tag="610">
    <subfield code="a">University of Texas at Arlington</subfield>
    <subfield code="x">Dissertations.</subfield>
  </datafield>
  <datafield ind1=" " ind2=" " tag="035">
    <subfield code="a">(TxDaGIAL)37741100016579</subfield>
  </datafield>
  <controlfield tag="005">20080624172639.0</controlfield>
  <controlfield tag="001">28257</controlfield>
  <controlfield tag="003">TxDaGIAL</controlfield>
  <datafield ind1=" " ind2=" " tag="852">
    <subfield code="p">37741100016579</subfield>
    <subfield code="a">Library</subfield>
    <subfield code="9">$0.00</subfield>
    <subfield code="x">COPYID:35278</subfield>
    <subfield code="x">FSC@aRegular@c19970408</subfield>
    <subfield code="h">498.9 M876n 1977</subfield>
    <subfield code="z">Gift 4-92</subfield>
  </datafield>
</record>