
<?xml version="1.0"?>
<record>
  <leader>03071cam a2200397 a 4500</leader>
  <controlfield tag="008">970416s1977    pp ab    b    000 0 eng d</controlfield>
  <datafield ind1=" " ind2=" " tag="020">
    <subfield code="a">0726305073 (v. 21)</subfield>
  </datafield>
  <datafield ind1=" " ind2=" " tag="040">
    <subfield code="a">TxDaGIAL</subfield>
    <subfield code="c">TxDaGIAL</subfield>
    <subfield code="d">TxDaGIAL</subfield>
  </datafield>
  <datafield ind1="0" ind2="4" tag="082">
    <subfield code="a">499.12/05</subfield>
    <subfield code="2">22</subfield>
  </datafield>
  <datafield ind1="0" ind2=" " tag="082">
    <subfield code="a">407.23</subfield>
    <subfield code="2">22</subfield>
  </datafield>
  <datafield ind1="0" ind2="0" tag="245">
    <subfield code="a">Language variation and survey techniques /</subfield>
    <subfield code="c">Richard Loving, ed.</subfield>
  </datafield>
  <datafield ind1=" " ind2=" " tag="260">
    <subfield code="a">Ukarumpa, Papua New Guinea :</subfield>
    <subfield code="b">Summer Institute of Linguistics,</subfield>
    <subfield code="c">1977.</subfield>
  </datafield>
  <datafield ind1=" " ind2=" " tag="300">
    <subfield code="a">352 p. :</subfield>
    <subfield code="b">ill., maps ;</subfield>
    <subfield code="c">23 cm.</subfield>
  </datafield>
  <datafield ind1=" " ind2="0" tag="440">
    <subfield code="a">Workpapers in Papua New Guinea languages ;</subfield>
    <subfield code="v">vol. 21</subfield>
  </datafield>
  <datafield ind1=" " ind2=" " tag="504">
    <subfield code="a">Includes bibliographical references.</subfield>
  </datafield>
  <datafield ind1="8" ind2=" " tag="505">
    <subfield code="a">The role of purpose and perspective in planning a language survey / Gary Simons -- Guidelines for conducting a lexicostatistic survey in Papua New Guinea / Arden G. Sanders -- Additional bibliography on lexicostatistics -- A basic word list for Papua New Guinea / Bryan Ezard -- Tables of significance for lexicostatistics / Gary Simons -- Recognizing patterns of divergence and convergence in a matrix of lexicostatistic relations / Gary Simons -- Tubetube's place among the Milne Bay Province languages: a synchronic study / Bryan Ezard -- Phonostatistic methods / Gary Simons -- Additional bibliography on structure statistics -- Sociolinguistic approaches to dialect surveying in Papua New Guinea / Sandra Callister -- Cultural considerations in language change and communication / Martin Combs -- Additional bibliography on miltilingualism in relation to language contact, borrowing, change and interference -- Guidelines for intelligibility testing in Papua New Guinea / Linda Simons -- Additional bibliography on intelligibility testing -- Predicting intelligibility: a suggested technique / K.J. Collier --  On defining the center of a linguistic group / Joy Sanders -- Some synchronic analysis procedures for language survey data / Arden G. Sanders -- Guidelines for writing up language surveys / Richard Loving -- Principles of multidialectal orthography design / Gary Simons --  Multidialectal orthographic and lexical adjustments for Orokaiva / Robert E. Larsen</subfield>
  </datafield>
  <datafield ind1=" " ind2=" " tag="590">
    <subfield code="a">tte</subfield>
    <subfield code="2">Ethnologue 15 = ISO 639-3</subfield>
  </datafield>
  <datafield ind1=" " ind2=" " tag="590">
    <subfield code="a">ork</subfield>
    <subfield code="2">Ethnologue 15 = ISO 639-3</subfield>
  </datafield>
  <datafield ind1=" " ind2="0" tag="650">
    <subfield code="a">Linguistics</subfield>
    <subfield code="x">Methodology.</subfield>
  </datafield>
  <datafield ind1=" " ind2="0" tag="650">
    <subfield code="a">Language surveys</subfield>
  </datafield>
  <datafield ind1=" " ind2="0" tag="650">
    <subfield code="a">Areal linguistics.</subfield>
  </datafield>
  <datafield ind1=" " ind2="0" tag="650">
    <subfield code="a">Linguistics</subfield>
    <subfield code="x">Research</subfield>
    <subfield code="z">Papua New Guinea.</subfield>
  </datafield>
  <datafield ind1=" " ind2="0" tag="650">
    <subfield code="a">Language and languages</subfield>
    <subfield code="x">Variation</subfield>
    <subfield code="x">Research.</subfield>
  </datafield>
  <datafield ind1="1" ind2="0" tag="700">
    <subfield code="a">Loving, Richard.</subfield>
  </datafield>
  <datafield ind1="1" ind2="0" tag="700">
    <subfield code="a">Simons, Gary F.</subfield>
  </datafield>
  <datafield ind1="1" ind2="0" tag="700">
    <subfield code="a">Callister, Sandra.</subfield>
  </datafield>
  <datafield ind1="1" ind2="0" tag="700">
    <subfield code="a">Combs, Martin</subfield>
    <subfield code="q">(Martin R.)</subfield>
  </datafield>
  <datafield ind1="1" ind2="0" tag="700">
    <subfield code="a">Sanders, Arden Glenn</subfield>
    <subfield code="d">1949-</subfield>
  </datafield>
  <datafield ind1="1" ind2="0" tag="700">
    <subfield code="a">Sanders, Joy.</subfield>
  </datafield>
  <datafield ind1=" " ind2=" " tag="035">
    <subfield code="a">(TxDaGIAL)37741100016827</subfield>
  </datafield>
  <controlfield tag="005">20080624172643.0</controlfield>
  <controlfield tag="001">28266</controlfield>
  <controlfield tag="003">TxDaGIAL</controlfield>
  <datafield ind1=" " ind2=" " tag="852">
    <subfield code="p">37741100016827</subfield>
    <subfield code="a">Library</subfield>
    <subfield code="b">Kenneth L. Pike Coll</subfield>
    <subfield code="9">$0.00</subfield>
    <subfield code="x">FUND:Gift</subfield>
    <subfield code="x">COPYID:35287</subfield>
    <subfield code="x">FSC@aRegular@c19970416</subfield>
    <subfield code="h">499.1205 W926 v.21 1977</subfield>
    <subfield code="z">Gift Kenneth L. Pike</subfield>
  </datafield>
  <datafield ind1=" " ind2=" " tag="852">
    <subfield code="p">37741100016828</subfield>
    <subfield code="a">Library</subfield>
    <subfield code="x">COPYID:35288</subfield>
    <subfield code="x">FSC@aRegular@c19970416</subfield>
    <subfield code="h">499.1205 W926 v.21 1977</subfield>
    <subfield code="z">s.o.</subfield>
  </datafield>
  <datafield ind1=" " ind2=" " tag="852">
    <subfield code="p">37741100016829</subfield>
    <subfield code="a">Library</subfield>
    <subfield code="x">COPYID:35289</subfield>
    <subfield code="x">FSC@aRegular@c19970416</subfield>
    <subfield code="h">499.1205 W926 v.21 1977</subfield>
    <subfield code="z">s.o.</subfield>
  </datafield>
</record>