
<?xml version="1.0"?>
<record>
  <leader>01098nam a2200289 a 4500</leader>
  <controlfield tag="008">060118s1974    pp            000 0 eng d</controlfield>
  <datafield ind1=" " ind2=" " tag="020">
    <subfield code="a">0726302406</subfield>
  </datafield>
  <datafield ind1=" " ind2=" " tag="040">
    <subfield code="a">TxDaGIAL</subfield>
    <subfield code="c">TxDaGIAL</subfield>
  </datafield>
  <datafield ind1="0" ind2=" " tag="041">
    <subfield code="a">engpaa</subfield>
  </datafield>
  <datafield ind1="0" ind2="4" tag="082">
    <subfield code="a">499.1205</subfield>
  </datafield>
  <datafield ind1="1" ind2=" " tag="100">
    <subfield code="a">Bunn, Gordon</subfield>
  </datafield>
  <datafield ind1="0" ind2="0" tag="245">
    <subfield code="a">Golin grammar</subfield>
    <subfield code="c">Gordon Bunn.</subfield>
  </datafield>
  <datafield ind1=" " ind2=" " tag="260">
    <subfield code="a">Ukarumpa, Papua New Guinea :</subfield>
    <subfield code="b">Summer Institute of Linguistics,</subfield>
    <subfield code="c">1974.</subfield>
  </datafield>
  <datafield ind1=" " ind2=" " tag="300">
    <subfield code="a">239 p. ;</subfield>
    <subfield code="c">23 cm.</subfield>
  </datafield>
  <datafield ind1="0" ind2=" " tag="440">
    <subfield code="a">Workpapers in Papua New Guinea languages</subfield>
    <subfield code="v">v. 5</subfield>
  </datafield>
  <datafield ind1=" " ind2=" " tag="504">
    <subfield code="a">Includes bibliographical references (p. 237-239).</subfield>
  </datafield>
  <datafield ind1=" " ind2=" " tag="546">
    <subfield code="a">In English, with frequent interlinear text in Golin, a Trans-New Guinea language of Papua New Guinea</subfield>
  </datafield>
  <datafield ind1=" " ind2=" " tag="590">
    <subfield code="a">gvf</subfield>
    <subfield code="2">Ethnologue 15 = ISO 639-3</subfield>
  </datafield>
  <datafield ind1=" " ind2="0" tag="650">
    <subfield code="a">Golin dialect</subfield>
    <subfield code="x">Grammar.</subfield>
  </datafield>
  <datafield ind1=" " ind2="0" tag="650">
    <subfield code="a">Golin dialect</subfield>
    <subfield code="x">Syntax.</subfield>
  </datafield>
  <datafield ind1="0" ind2=" " tag="650">
    <subfield code="a">Papuan languages</subfield>
    <subfield code="x">Grammar.</subfield>
  </datafield>
  <datafield ind1="0" ind2=" " tag="651">
    <subfield code="a">Papua New Guinea</subfield>
    <subfield code="x">Languages.</subfield>
  </datafield>
  <datafield ind1=" " ind2=" " tag="035">
    <subfield code="a">(TxDaGIAL)37741100029231</subfield>
  </datafield>
  <controlfield tag="005">20080624172644.0</controlfield>
  <controlfield tag="001">28267</controlfield>
  <controlfield tag="003">TxDaGIAL</controlfield>
  <datafield ind1=" " ind2=" " tag="852">
    <subfield code="p">37741100029231</subfield>
    <subfield code="a">Library</subfield>
    <subfield code="9">$0.00</subfield>
    <subfield code="x">FUND:Gift</subfield>
    <subfield code="x">COPYID:35290</subfield>
    <subfield code="x">FSC@aRegular@c20080624</subfield>
    <subfield code="h">499.1205 W926 v.5 1974</subfield>
    <subfield code="z">Gift Karl J. Franklin 7-02</subfield>
  </datafield>
</record>