
<?xml version="1.0"?>
<record>
  <leader>01244nam a2200289 a 4500</leader>
  <controlfield tag="008">061102s1999    nz ab    b    000 0 eng d</controlfield>
  <datafield ind1=" " ind2=" " tag="020">
    <subfield code="a">0909055106</subfield>
  </datafield>
  <datafield ind1=" " ind2=" " tag="040">
    <subfield code="a">TxDaGIAL</subfield>
    <subfield code="c">TxDaGIAL</subfield>
  </datafield>
  <datafield ind1="1" ind2=" " tag="041">
    <subfield code="a">engpaa</subfield>
  </datafield>
  <datafield ind1="0" ind2="4" tag="082">
    <subfield code="a">499.1247</subfield>
    <subfield code="2">22 expanded</subfield>
  </datafield>
  <datafield ind1="1" ind2=" " tag="100">
    <subfield code="a">Petterson, Robert.</subfield>
  </datafield>
  <datafield ind1="1" ind2="0" tag="245">
    <subfield code="a">Rumu--English--Hiri-Motu dictionary =</subfield>
    <subfield code="b">Rumuhei--Hohei--Mutuhei hei ke tei kopat&#xA9;&#xB1; /</subfield>
    <subfield code="c">Robert Petterson.</subfield>
  </datafield>
  <datafield ind1=" " ind2=" " tag="260">
    <subfield code="a">Palmerston North, N. Z. :</subfield>
    <subfield code="b">Intermational PacificCollege, New Zealand,</subfield>
    <subfield code="c">c1999.</subfield>
  </datafield>
  <datafield ind1=" " ind2=" " tag="300">
    <subfield code="a">219 p. :</subfield>
    <subfield code="b">ill., map ;</subfield>
    <subfield code="c">28 cm.</subfield>
  </datafield>
  <datafield ind1=" " ind2="0" tag="440">
    <subfield code="a">Occasional paper (International Pacific College, International Studies) ;</subfield>
    <subfield code="v">6,</subfield>
    <subfield code="x">1174-393X</subfield>
  </datafield>
  <datafield ind1=" " ind2=" " tag="504">
    <subfield code="a">Includes bibliographical references (p. 4)</subfield>
  </datafield>
  <datafield ind1=" " ind2=" " tag="546">
    <subfield code="a">English with parallel text in Rumu (Kairi) and Hiri Motu.</subfield>
  </datafield>
  <datafield ind1=" " ind2=" " tag="590">
    <subfield code="a">klg</subfield>
    <subfield code="2">Ethnologue 15 = ISO/DIS 639-3</subfield>
  </datafield>
  <datafield ind1=" " ind2="0" tag="650">
    <subfield code="a">Kairi language</subfield>
    <subfield code="v">Dictionaries</subfield>
    <subfield code="x">English.</subfield>
  </datafield>
  <datafield ind1=" " ind2="0" tag="650">
    <subfield code="a">English language</subfield>
    <subfield code="v">Dictionaries</subfield>
    <subfield code="x">Kairi.</subfield>
  </datafield>
  <datafield ind1=" " ind2="0" tag="650">
    <subfield code="a">English language</subfield>
    <subfield code="v">Dictionaries</subfield>
    <subfield code="x">Hiri Motu.</subfield>
  </datafield>
  <datafield ind1="2" ind2=" " tag="710">
    <subfield code="a">International Pacific College.</subfield>
  </datafield>
  <datafield ind1=" " ind2=" " tag="035">
    <subfield code="a">(TxDaGIAL)37741100034382</subfield>
  </datafield>
  <controlfield tag="005">20080624172647.0</controlfield>
  <controlfield tag="001">28280</controlfield>
  <controlfield tag="003">TxDaGIAL</controlfield>
  <datafield ind1=" " ind2=" " tag="852">
    <subfield code="p">37741100034382</subfield>
    <subfield code="a">Library</subfield>
    <subfield code="9">$33.61</subfield>
    <subfield code="x">FUND:Ling</subfield>
    <subfield code="x">COPYID:35303</subfield>
    <subfield code="x">FSC@aBOOK-LOCAL@c20061114</subfield>
    <subfield code="h">499.1247 P499r 1999</subfield>
    <subfield code="z">Direct 9-06</subfield>
  </datafield>
</record>