
<?xml version="1.0"?>
<record>
  <leader>01393cam a2200313 a 4500</leader>
  <controlfield tag="008">940928s1985    pp ab    d    000 0 eng  </controlfield>
  <datafield ind1=" " ind2=" " tag="010">
    <subfield code="a">   94213582</subfield>
  </datafield>
  <datafield ind1=" " ind2=" " tag="040">
    <subfield code="a">DLC</subfield>
    <subfield code="c">DLC</subfield>
    <subfield code="d">TxDaGIAL</subfield>
  </datafield>
  <datafield ind1="0" ind2=" " tag="041">
    <subfield code="a">engpaatpi</subfield>
  </datafield>
  <datafield ind1="0" ind2="0" tag="050">
    <subfield code="a">PL6621.W35</subfield>
    <subfield code="b">B37 1985</subfield>
  </datafield>
  <datafield ind1="0" ind2="4" tag="082">
    <subfield code="a">499/.12/73</subfield>
    <subfield code="b">22 expanded</subfield>
  </datafield>
  <datafield ind1="1" ind2=" " tag="100">
    <subfield code="a">Barker, Fay.</subfield>
  </datafield>
  <datafield ind1="1" ind2="0" tag="245">
    <subfield code="a">Waskia language /</subfield>
    <subfield code="c">compiled by Fay Barker &amp; Janet Lee.</subfield>
  </datafield>
  <datafield ind1="3" ind2="4" tag="246">
    <subfield code="a">Waskia diksenari</subfield>
  </datafield>
  <datafield ind1=" " ind2=" " tag="260">
    <subfield code="a">Ukarumpa, Papua, New Guinea :</subfield>
    <subfield code="b">Summer Institute of Linguistics,</subfield>
    <subfield code="c">1985.</subfield>
  </datafield>
  <datafield ind1=" " ind2=" " tag="300">
    <subfield code="a">396 p. :</subfield>
    <subfield code="b">ill., maps ;</subfield>
    <subfield code="c">21 cm.</subfield>
  </datafield>
  <datafield ind1=" " ind2="0" tag="440">
    <subfield code="a">Dictionaries of Papua New Guinea ;</subfield>
    <subfield code="v">v. 7</subfield>
  </datafield>
  <datafield ind1="8" ind2=" " tag="505">
    <subfield code="a">Alphabet -- Waskia-Tok Pisin-English -- Tok Pisin-Waskia -- English-Waskia -- Topical section: lists fo birds, trees, etc. -- Kinship charts -- Diagram of named body parts -- Notes on Waskia grammar</subfield>
  </datafield>
  <datafield ind1=" " ind2=" " tag="546">
    <subfield code="a">English with parallel text in Tok Pisin and Waskia language.</subfield>
  </datafield>
  <datafield ind1=" " ind2=" " tag="590">
    <subfield code="a">wsk</subfield>
    <subfield code="2">Ethnologue 15 = ISO/DIS 639-3</subfield>
  </datafield>
  <datafield ind1=" " ind2="0" tag="650">
    <subfield code="a">Waskia language</subfield>
    <subfield code="v">Dictionaries</subfield>
    <subfield code="x">Tok Pisin.</subfield>
  </datafield>
  <datafield ind1=" " ind2="0" tag="650">
    <subfield code="a">Tok Pisin language</subfield>
    <subfield code="v">Dictionaries</subfield>
    <subfield code="x">English.</subfield>
  </datafield>
  <datafield ind1=" " ind2="0" tag="650">
    <subfield code="a">Papuan languages</subfield>
    <subfield code="v">Glossaries, vocabularies, etc</subfield>
    <subfield code="z">Papua New Guinea.</subfield>
  </datafield>
  <datafield ind1="1" ind2=" " tag="700">
    <subfield code="a">Lee, Janet.</subfield>
  </datafield>
  <datafield ind1=" " ind2=" " tag="035">
    <subfield code="a">(TxDaGIAL)37741100034556</subfield>
  </datafield>
  <controlfield tag="005">20080624172648.0</controlfield>
  <controlfield tag="001">28285</controlfield>
  <controlfield tag="003">TxDaGIAL</controlfield>
  <datafield ind1=" " ind2=" " tag="852">
    <subfield code="p">37741100034556</subfield>
    <subfield code="a">Library</subfield>
    <subfield code="9">$0.00</subfield>
    <subfield code="x">FUND:Gift</subfield>
    <subfield code="x">COPYID:35308</subfield>
    <subfield code="x">FSC@aRegular@c20070306</subfield>
    <subfield code="h">499.1273 W319b 1985</subfield>
    <subfield code="z">Gift Marlin Leaders 11-00</subfield>
  </datafield>
</record>