
<?xml version="1.0"?>
<record>
  <leader>01687nam a2200409 a 4500</leader>
  <controlfield tag="008">981015s1998    ph a     b    010 0 eng  </controlfield>
  <datafield ind1=" " ind2=" " tag="010">
    <subfield code="a">   98947560</subfield>
  </datafield>
  <datafield ind1=" " ind2=" " tag="020">
    <subfield code="a">9715552218</subfield>
  </datafield>
  <datafield ind1=" " ind2=" " tag="040">
    <subfield code="a">DLC</subfield>
    <subfield code="c">DLC</subfield>
    <subfield code="d">TxDaGIAL</subfield>
  </datafield>
  <datafield ind1="0" ind2=" " tag="041">
    <subfield code="a">engtglmap</subfield>
  </datafield>
  <datafield ind1=" " ind2=" " tag="042">
    <subfield code="a">lcode</subfield>
  </datafield>
  <datafield ind1=" " ind2=" " tag="043">
    <subfield code="a">a-ph---</subfield>
  </datafield>
  <datafield ind1="0" ind2="0" tag="050">
    <subfield code="a">PL5506</subfield>
    <subfield code="b">.P25 1998</subfield>
  </datafield>
  <datafield ind1="0" ind2="0" tag="082">
    <subfield code="a">499/.21</subfield>
    <subfield code="2">21</subfield>
  </datafield>
  <datafield ind1="0" ind2=" " tag="082">
    <subfield code="a">401</subfield>
    <subfield code="b">22</subfield>
  </datafield>
  <datafield ind1="0" ind2="0" tag="245">
    <subfield code="a">Pagtan&#xA9;&#x141;w :</subfield>
    <subfield code="b">essays on language in honor of Teodoro A. Llamzon /</subfield>
    <subfield code="c">edited by Ma. Lourdes S. Bautista.</subfield>
  </datafield>
  <datafield ind1="3" ind2="0" tag="246">
    <subfield code="a">Essays on language in honor of Teodoro A. Llamzon</subfield>
  </datafield>
  <datafield ind1=" " ind2=" " tag="260">
    <subfield code="a">Manila, Philippines :</subfield>
    <subfield code="b">Linguistic Society of the Philippines,</subfield>
    <subfield code="c">c1998.</subfield>
  </datafield>
  <datafield ind1=" " ind2=" " tag="300">
    <subfield code="a">xviii, 209 p. :</subfield>
    <subfield code="b">ill. ;</subfield>
    <subfield code="c">26 cm.</subfield>
  </datafield>
  <datafield ind1=" " ind2=" " tag="500">
    <subfield code="a">"Teodoro A. Llamzon, who will turn 72 on December 27, 1998, justly deserves this tribute from his colleagues and former students"--P. ix.</subfield>
  </datafield>
  <datafield ind1=" " ind2=" " tag="504">
    <subfield code="a">Includes bibliographical references.</subfield>
  </datafield>
  <datafield ind1="0" ind2=" " tag="510">
    <subfield code="a">Indexed in MLA International Bibliography</subfield>
  </datafield>
  <datafield ind1=" " ind2=" " tag="546">
    <subfield code="a">English with interlinear text in Tagalog and Sangir, and terms in various other languages of the Philippines and the adjacent region.</subfield>
  </datafield>
  <datafield ind1=" " ind2=" " tag="590">
    <subfield code="a">tgl</subfield>
    <subfield code="2">Ethnologue 15 = ISO/DIS 639-3</subfield>
  </datafield>
  <datafield ind1=" " ind2=" " tag="590">
    <subfield code="a">sxn</subfield>
    <subfield code="2">Ethnologue 15 = ISO/DIS 639-3</subfield>
  </datafield>
  <datafield ind1="1" ind2="0" tag="600">
    <subfield code="a">Llamzon, Teodoro A.</subfield>
  </datafield>
  <datafield ind1=" " ind2="0" tag="650">
    <subfield code="a">Language and languages.</subfield>
  </datafield>
  <datafield ind1=" " ind2="0" tag="650">
    <subfield code="a">Austronesian languages.</subfield>
  </datafield>
  <datafield ind1=" " ind2="0" tag="651">
    <subfield code="a">Philippines</subfield>
    <subfield code="x">Languages.</subfield>
  </datafield>
  <datafield ind1="1" ind2=" " tag="700">
    <subfield code="a">Bautista, Maria Lourdes S.</subfield>
  </datafield>
  <datafield ind1="1" ind2=" " tag="700">
    <subfield code="a">Llamzon, Teodoro A.</subfield>
  </datafield>
  <datafield ind1="2" ind2=" " tag="710">
    <subfield code="a">Linguistic Society of the Philippines.</subfield>
  </datafield>
  <datafield ind1=" " ind2=" " tag="035">
    <subfield code="a">(TxDaGIAL)37741100034051</subfield>
  </datafield>
  <controlfield tag="005">20080624172649.0</controlfield>
  <controlfield tag="001">28289</controlfield>
  <controlfield tag="003">TxDaGIAL</controlfield>
  <datafield ind1=" " ind2=" " tag="852">
    <subfield code="p">37741100034051</subfield>
    <subfield code="a">Library</subfield>
    <subfield code="9">$0.00</subfield>
    <subfield code="x">FUND:Gift</subfield>
    <subfield code="x">COPYID:35312</subfield>
    <subfield code="x">FSC@aRegular@c20060822</subfield>
    <subfield code="h">499.21 P139b 1998</subfield>
    <subfield code="z">Gift 10-05</subfield>
  </datafield>
</record>