
<?xml version="1.0"?>
<record>
  <leader>01441cam a2200349 a 4500</leader>
  <controlfield tag="007">ta</controlfield>
  <controlfield tag="008">930405s1991    ph ab    b    000 0deng d</controlfield>
  <datafield ind1=" " ind2=" " tag="020">
    <subfield code="a">9711059193</subfield>
  </datafield>
  <datafield ind1=" " ind2=" " tag="035">
    <subfield code="a">(OCoLC)29415773</subfield>
  </datafield>
  <datafield ind1=" " ind2=" " tag="040">
    <subfield code="a">HUH</subfield>
    <subfield code="c">HUH</subfield>
    <subfield code="d">CLU</subfield>
    <subfield code="d">TxDaGIAL</subfield>
  </datafield>
  <datafield ind1="0" ind2=" " tag="041">
    <subfield code="a">engphi</subfield>
  </datafield>
  <datafield ind1="0" ind2="4" tag="082">
    <subfield code="a">499.2/1/71</subfield>
    <subfield code="2">22 expanded</subfield>
  </datafield>
  <datafield ind1="0" ind2="0" tag="245">
    <subfield code="a">Mamanwa texts /</subfield>
    <subfield code="c">compiled by Helen and Jeanne Miller.</subfield>
  </datafield>
  <datafield ind1=" " ind2=" " tag="260">
    <subfield code="a">Manila :</subfield>
    <subfield code="b">Linguistic Society of the Philippines :</subfield>
    <subfield code="b">Summer Institute of Linguistics,</subfield>
    <subfield code="c">1991.</subfield>
  </datafield>
  <datafield ind1=" " ind2=" " tag="300">
    <subfield code="a">xvi, 178 p. :</subfield>
    <subfield code="b">ill., map ;</subfield>
    <subfield code="c">28 cm.</subfield>
  </datafield>
  <datafield ind1=" " ind2="0" tag="440">
    <subfield code="a">Studies in Philippine linguistics.</subfield>
    <subfield code="p">Supplementary series, Philippine texts,</subfield>
    <subfield code="x">0116-0516 ;</subfield>
    <subfield code="v">no. 5</subfield>
  </datafield>
  <datafield ind1=" " ind2=" " tag="500">
    <subfield code="a">"Ethnolinguistic texts with cultural and linguistic notes" -- p. iii.</subfield>
  </datafield>
  <datafield ind1=" " ind2=" " tag="504">
    <subfield code="a">Includes bibliographical references (p. 175-178)</subfield>
  </datafield>
  <datafield ind1=" " ind2=" " tag="546">
    <subfield code="a">In English, with interlinear text in Mamanwa, a Malayo-Polynesian language of the Philippines.</subfield>
  </datafield>
  <datafield ind1=" " ind2=" " tag="590">
    <subfield code="a">mmn</subfield>
    <subfield code="2">Ethnologue 15 = ISO 639-3</subfield>
  </datafield>
  <datafield ind1=" " ind2="0" tag="650">
    <subfield code="a">Mamanwa language.</subfield>
  </datafield>
  <datafield ind1=" " ind2="0" tag="650">
    <subfield code="a">Mamanwa language</subfield>
    <subfield code="v">Texts.</subfield>
  </datafield>
  <datafield ind1=" " ind2="0" tag="650">
    <subfield code="a">Mamanwa (Philippine people)</subfield>
  </datafield>
  <datafield ind1="1" ind2=" " tag="700">
    <subfield code="a">Miller, Jeanne.</subfield>
  </datafield>
  <datafield ind1="1" ind2=" " tag="700">
    <subfield code="a">Miller, Helen.</subfield>
  </datafield>
  <datafield ind1="2" ind2=" " tag="710">
    <subfield code="a">Linguistic Society of the Philippines.</subfield>
  </datafield>
  <datafield ind1="2" ind2=" " tag="710">
    <subfield code="a">Summer Institute of Linguistics--Philippines.</subfield>
  </datafield>
  <datafield ind1=" " ind2=" " tag="035">
    <subfield code="a">(TxDaGIAL)37741100035101</subfield>
  </datafield>
  <controlfield tag="005">20080624172650.0</controlfield>
  <controlfield tag="001">28293</controlfield>
  <controlfield tag="003">TxDaGIAL</controlfield>
  <datafield ind1=" " ind2=" " tag="852">
    <subfield code="p">37741100035101</subfield>
    <subfield code="a">Library</subfield>
    <subfield code="9">$0.00</subfield>
    <subfield code="x">FUND:Gift</subfield>
    <subfield code="x">COPYID:35316</subfield>
    <subfield code="x">FSC@aRegular@c20071112</subfield>
    <subfield code="h">499.2171 M263m 1991</subfield>
    <subfield code="z">Gift 2-06</subfield>
  </datafield>
</record>