
<?xml version="1.0"?>
<record>
  <leader>02448cam a2200349 a 4500</leader>
  <controlfield tag="008">070820s2007    ctua     b    000 0 eng d</controlfield>
  <datafield ind1=" " ind2=" " tag="020">
    <subfield code="a">9780858835665</subfield>
  </datafield>
  <datafield ind1=" " ind2=" " tag="020">
    <subfield code="a">0858835665</subfield>
  </datafield>
  <datafield ind1=" " ind2=" " tag="035">
    <subfield code="a">(OCoLC)ocn166143123</subfield>
  </datafield>
  <datafield ind1=" " ind2=" " tag="035">
    <subfield code="a">(OCoLC)166143123</subfield>
  </datafield>
  <datafield ind1=" " ind2=" " tag="040">
    <subfield code="a">SUC</subfield>
    <subfield code="c">SUC</subfield>
    <subfield code="d">TxDaGIAL</subfield>
  </datafield>
  <datafield ind1="0" ind2=" " tag="041">
    <subfield code="a">engind</subfield>
  </datafield>
  <datafield ind1="0" ind2="4" tag="082">
    <subfield code="a">499.22157</subfield>
    <subfield code="2">22</subfield>
  </datafield>
  <datafield ind1="1" ind2=" " tag="100">
    <subfield code="a">Djenar, Dwi Noverini,</subfield>
    <subfield code="d">1961-</subfield>
  </datafield>
  <datafield ind1="1" ind2="0" tag="245">
    <subfield code="a">Semantic, pragmatic and discourse perspectives of preposition use :</subfield>
    <subfield code="b">a study of Indonesian locatives /</subfield>
    <subfield code="c">Dwi Noverini Djenar.</subfield>
  </datafield>
  <datafield ind1=" " ind2=" " tag="260">
    <subfield code="a">Canberra, CT :</subfield>
    <subfield code="b">Pacific Linguistics, Research School of Pacific and Asian Studies, The Australian National University,</subfield>
    <subfield code="c">2007.</subfield>
  </datafield>
  <datafield ind1=" " ind2=" " tag="300">
    <subfield code="a">x, 231 p. :</subfield>
    <subfield code="b">ill. ;</subfield>
    <subfield code="c">26 cm.</subfield>
  </datafield>
  <datafield ind1=" " ind2="0" tag="440">
    <subfield code="a">Pacific linguistics ;</subfield>
    <subfield code="v">583</subfield>
  </datafield>
  <datafield ind1=" " ind2=" " tag="504">
    <subfield code="a">Includes bibliographical references (p. 221-231)</subfield>
  </datafield>
  <datafield ind1="8" ind2=" " tag="520">
    <subfield code="a">"This book is an in-depth study of three locative prepositions which are often interchangeable in Indonesian, namely, di, pada and dalam -- roughly corresponding to the English 'on, in, at'.  Discussing a range of quite subtle meanings and uses of these prepositions in different types of discourse (or genre), it provides a complete descriptive account of prepositional meanings that reflects more closely the range of actual uses by speakers in spoken and written discourses.  It addresses important semantic and pragmatic issues including polysemy, sense distinction, conceptual and non-conceptual aspects of preposition use, borrowing and semantic change, context and inferences. The issue of preposition alternation, which has received little attention in previous studies, is discussed in terms of the interplay between overlaps in the semantic range and pragmatic as well as discourse-related factors." -- Back cover.</subfield>
  </datafield>
  <datafield ind1=" " ind2=" " tag="546">
    <subfield code="a">In English with frequent interlinear text in Indonesian.</subfield>
  </datafield>
  <datafield ind1=" " ind2=" " tag="590">
    <subfield code="a">ind</subfield>
    <subfield code="2">Ethnologue 15 = ISO 639-3</subfield>
  </datafield>
  <datafield ind1=" " ind2=" " tag="500">
    <subfield code="a">"This work is a revised version of my doctoral dissertation." - p. ix.</subfield>
  </datafield>
  <datafield ind1=" " ind2="0" tag="650">
    <subfield code="a">Indonesian language</subfield>
    <subfield code="x">Prepositions.</subfield>
  </datafield>
  <datafield ind1=" " ind2="0" tag="650">
    <subfield code="a">Indonesian language</subfield>
    <subfield code="x">Grammar.</subfield>
  </datafield>
  <datafield ind1=" " ind2="0" tag="650">
    <subfield code="a">Indonesian language</subfield>
    <subfield code="v">Textbooks for foreign speakers</subfield>
    <subfield code="x">English.</subfield>
  </datafield>
  <datafield ind1="2" ind2=" " tag="710">
    <subfield code="a">Australian National University.</subfield>
    <subfield code="b">Pacific Linguistics.</subfield>
  </datafield>
  <datafield ind1=" " ind2=" " tag="035">
    <subfield code="a">(TxDaGIAL)37741100035028</subfield>
  </datafield>
  <controlfield tag="005">20080624172651.0</controlfield>
  <controlfield tag="001">28299</controlfield>
  <controlfield tag="003">TxDaGIAL</controlfield>
  <datafield ind1=" " ind2=" " tag="852">
    <subfield code="p">37741100035028</subfield>
    <subfield code="a">Library</subfield>
    <subfield code="9">$35.87</subfield>
    <subfield code="x">FUND:M. Langs</subfield>
    <subfield code="x">COPYID:35324</subfield>
    <subfield code="x">FSC@aRegular@c20070926</subfield>
    <subfield code="h">499.22157 D624s 2007</subfield>
    <subfield code="z">Direct Australian National University st.o. 9-07</subfield>
  </datafield>
</record>