
<?xml version="1.0"?>
<record>
  <leader>01877nam a2200409 a 4500</leader>
  <controlfield tag="008">080213s2007    my a     d    000 0 eng d</controlfield>
  <datafield ind1=" " ind2=" " tag="020">
    <subfield code="a">9789832981022</subfield>
  </datafield>
  <datafield ind1=" " ind2=" " tag="040">
    <subfield code="a">TxDaGIAL</subfield>
    <subfield code="c">TxDaGIAL</subfield>
  </datafield>
  <datafield ind1="1" ind2=" " tag="041">
    <subfield code="a">engdaymay</subfield>
  </datafield>
  <datafield ind1="0" ind2="4" tag="082">
    <subfield code="a">499.23</subfield>
    <subfield code="2">22 expanded</subfield>
  </datafield>
  <datafield ind1="0" ind2="0" tag="245">
    <subfield code="a">Buk bang sinda bigambar : sinda Bidayuh Bau =</subfield>
    <subfield code="b">Kamus bergambar : bahasa Melayu = Picture dictionary : English /</subfield>
    <subfield code="c">susun da' Jonas Noeb, Guillermo Vega, Marilina Bongarr&#xA9;&#x141; de Vega = disusun oleh Jonas Noeb, Guillermo Vega, Marilina Bongarr&#xA9;&#x141; de Vega = compiled by Jonas Noeb, Guillermo Vega, Marilina Bongarr&#xA9;&#x141; de Vega.</subfield>
  </datafield>
  <datafield ind1="3" ind2="1" tag="246">
    <subfield code="a">Kamus bergambar</subfield>
  </datafield>
  <datafield ind1="3" ind2="1" tag="246">
    <subfield code="a">Picture dictionary</subfield>
  </datafield>
  <datafield ind1=" " ind2=" " tag="260">
    <subfield code="a">Kuching, Sarawak, Malaysia :</subfield>
    <subfield code="b">Dayak Bidayuh National Association,</subfield>
    <subfield code="c">c2007.</subfield>
  </datafield>
  <datafield ind1=" " ind2=" " tag="300">
    <subfield code="a">vii, 43 p. :</subfield>
    <subfield code="b">ill. ;</subfield>
    <subfield code="c">30 cm.</subfield>
  </datafield>
  <datafield ind1=" " ind2="0" tag="440">
    <subfield code="a">Bidayuh picture dictionaries ;</subfield>
    <subfield code="v">1</subfield>
  </datafield>
  <datafield ind1=" " ind2=" " tag="500">
    <subfield code="a">"Bidayuh Language Development Project."</subfield>
  </datafield>
  <datafield ind1=" " ind2=" " tag="546">
    <subfield code="a">Parallel text in Bidayuh (Jagoi), Malaysian and English.</subfield>
  </datafield>
  <datafield ind1=" " ind2=" " tag="590">
    <subfield code="a">sne</subfield>
    <subfield code="2">Ethnologue 15 = ISO 639-3</subfield>
  </datafield>
  <datafield ind1=" " ind2=" " tag="590">
    <subfield code="a">trx</subfield>
    <subfield code="2">Ethnologue 15 = ISO 639-3</subfield>
  </datafield>
  <datafield ind1=" " ind2="0" tag="650">
    <subfield code="a">Picture dictionaries, Dayak language.</subfield>
  </datafield>
  <datafield ind1=" " ind2="0" tag="650">
    <subfield code="a">Picture dictionaries, Malay language.</subfield>
  </datafield>
  <datafield ind1=" " ind2="0" tag="650">
    <subfield code="a">Dayak language</subfield>
    <subfield code="v">Glossaries, vocabularies, etc.</subfield>
  </datafield>
  <datafield ind1=" " ind2="0" tag="650">
    <subfield code="a">Dayak language</subfield>
    <subfield code="v">Dictionaries</subfield>
    <subfield code="x">Malay language.</subfield>
  </datafield>
  <datafield ind1=" " ind2="0" tag="650">
    <subfield code="a">Dayak language</subfield>
    <subfield code="v">Dictionaries</subfield>
    <subfield code="x">English.</subfield>
  </datafield>
  <datafield ind1=" " ind2="0" tag="650">
    <subfield code="a">Malay language</subfield>
    <subfield code="v">Dictionaries</subfield>
    <subfield code="x">Dayak language.</subfield>
  </datafield>
  <datafield ind1=" " ind2="0" tag="650">
    <subfield code="a">English</subfield>
    <subfield code="v">Dictionaries</subfield>
    <subfield code="x">Dayak language.</subfield>
  </datafield>
  <datafield ind1="0" ind2=" " tag="700">
    <subfield code="a">Jonas Noeb.</subfield>
  </datafield>
  <datafield ind1="1" ind2=" " tag="700">
    <subfield code="a">Guillermo Vega.</subfield>
  </datafield>
  <datafield ind1="1" ind2=" " tag="700">
    <subfield code="a">Bongarr&#xA9;&#x141; de de Vega, Marilina.</subfield>
  </datafield>
  <datafield ind1="2" ind2=" " tag="710">
    <subfield code="a">Dayak Bidayuh National Association.</subfield>
  </datafield>
  <datafield ind1="2" ind2=" " tag="710">
    <subfield code="a">Bidayuh Language Development Project.</subfield>
  </datafield>
  <datafield ind1=" " ind2=" " tag="035">
    <subfield code="a">(TxDaGIAL)37741100035301</subfield>
  </datafield>
  <controlfield tag="005">20080624172652.0</controlfield>
  <controlfield tag="001">28301</controlfield>
  <controlfield tag="003">TxDaGIAL</controlfield>
  <datafield ind1=" " ind2=" " tag="852">
    <subfield code="p">37741100035301</subfield>
    <subfield code="a">Library</subfield>
    <subfield code="9">$0.00</subfield>
    <subfield code="x">FUND:Gift</subfield>
    <subfield code="x">COPYID:35327</subfield>
    <subfield code="x">FSC@aRegular@c20080314</subfield>
    <subfield code="h">499.23 B932n 2007</subfield>
    <subfield code="z">Gift SIL-EDO 1-08</subfield>
  </datafield>
</record>