
<?xml version="1.0"?>
<record>
  <leader>01354nam a2200313 a 4500</leader>
  <controlfield tag="008">050610s2003    gw ab    b    000 0 ger d</controlfield>
  <datafield ind1=" " ind2=" " tag="035">
    <subfield code="a">ocm60580150</subfield>
  </datafield>
  <datafield ind1=" " ind2=" " tag="040">
    <subfield code="a">CUY</subfield>
    <subfield code="c">CUY</subfield>
    <subfield code="d">TxDaGIAL</subfield>
  </datafield>
  <datafield ind1="0" ind2=" " tag="041">
    <subfield code="a">germapeng</subfield>
  </datafield>
  <datafield ind1="0" ind2="4" tag="082">
    <subfield code="a">499/.53/75</subfield>
    <subfield code="b">22 expanded</subfield>
  </datafield>
  <datafield ind1="1" ind2=" " tag="100">
    <subfield code="a">Exter, Mats.</subfield>
  </datafield>
  <datafield ind1="1" ind2="0" tag="245">
    <subfield code="a">Phonetik und Phonologie des Wogeo /</subfield>
    <subfield code="c">Mats Exter.</subfield>
  </datafield>
  <datafield ind1=" " ind2=" " tag="260">
    <subfield code="a">K&#xA9;&#x153;ln :</subfield>
    <subfield code="b">Institut f&#xA9;&#x1A1;r Sprachwissenschaft der Universit&#xA9;&#xDE;t zu K&#xA9;&#x153;ln,</subfield>
    <subfield code="c">2003.</subfield>
  </datafield>
  <datafield ind1=" " ind2=" " tag="300">
    <subfield code="a">72 p. :</subfield>
    <subfield code="b">ill., maps ;</subfield>
    <subfield code="c">30 cm.</subfield>
  </datafield>
  <datafield ind1="1" ind2=" " tag="490">
    <subfield code="a">Arbeitspapier / Institut f&#xA9;&#x1A1;r Sprachwissenschaft, Universit&#xA9;&#xDE;t zu K&#xA9;&#x153;ln ;</subfield>
    <subfield code="v">Nr. 46</subfield>
  </datafield>
  <datafield ind1=" " ind2=" " tag="500">
    <subfield code="a">Erratum maps inserted.</subfield>
  </datafield>
  <datafield ind1=" " ind2=" " tag="504">
    <subfield code="a">Includes bibliographical references (p. 70-72)</subfield>
  </datafield>
  <datafield ind1=" " ind2=" " tag="546">
    <subfield code="a">German with parallel text in Wogeo; occasional text in English.</subfield>
  </datafield>
  <datafield ind1=" " ind2=" " tag="590">
    <subfield code="a">woc</subfield>
    <subfield code="2">Ethnologue 15 = ISO/DIS 639-3</subfield>
  </datafield>
  <datafield ind1=" " ind2="0" tag="650">
    <subfield code="a">Austronesian languages</subfield>
    <subfield code="z">Papua New Guinea</subfield>
    <subfield code="x">Phonology.</subfield>
  </datafield>
  <datafield ind1=" " ind2="0" tag="650">
    <subfield code="a">Austronesian languages</subfield>
    <subfield code="z">Papua New Guinea</subfield>
    <subfield code="x">Phonetics.</subfield>
  </datafield>
  <datafield ind1=" " ind2="7" tag="650">
    <subfield code="a">Wogeo language</subfield>
    <subfield code="z">Papua New Guinea.</subfield>
    <subfield code="2">Ethnologue 15</subfield>
  </datafield>
  <datafield ind1=" " ind2="0" tag="651">
    <subfield code="a">Papua New Guinea</subfield>
    <subfield code="x">Languages.</subfield>
  </datafield>
  <datafield ind1=" " ind2="0" tag="830">
    <subfield code="a">Arbeitspapier (Universit&#xA9;&#xDE;t zu K&#xA9;&#x153;ln. Institut f&#xA9;&#x1A1;r Sprachwissenschaft) ;</subfield>
    <subfield code="v">Nr. 46.</subfield>
  </datafield>
  <datafield ind1=" " ind2=" " tag="035">
    <subfield code="a">(TxDaGIAL)37741100034025</subfield>
  </datafield>
  <controlfield tag="005">20080624172653.0</controlfield>
  <controlfield tag="001">28306</controlfield>
  <controlfield tag="003">TxDaGIAL</controlfield>
  <datafield ind1=" " ind2=" " tag="852">
    <subfield code="p">37741100034025</subfield>
    <subfield code="a">Library</subfield>
    <subfield code="9">$0.00</subfield>
    <subfield code="x">FUND:Gift</subfield>
    <subfield code="x">COPYID:35332</subfield>
    <subfield code="x">FSC@aRegular@c20060804</subfield>
    <subfield code="h">499.5375 E96p 2003</subfield>
    <subfield code="z">Gift 8-04</subfield>
  </datafield>
</record>