
<?xml version="1.0"?>
<record>
  <leader>02199cam a2200421 a 4500</leader>
  <controlfield tag="008">990817s2000    iluabg   bk   001 0 eng  </controlfield>
  <datafield ind1=" " ind2=" " tag="010">
    <subfield code="a">   99046011</subfield>
  </datafield>
  <datafield ind1=" " ind2=" " tag="020">
    <subfield code="a">0226101614 (alk. paper)</subfield>
  </datafield>
  <datafield ind1=" " ind2=" " tag="020">
    <subfield code="a">0226101622 (pbk. : alk. paper)</subfield>
  </datafield>
  <datafield ind1=" " ind2=" " tag="040">
    <subfield code="a">DLC</subfield>
    <subfield code="c">DLC</subfield>
    <subfield code="d">DLC</subfield>
    <subfield code="d">TxDaGIAL</subfield>
  </datafield>
  <datafield ind1="1" ind2=" " tag="041">
    <subfield code="a">engmanmul</subfield>
    <subfield code="h">fremul</subfield>
  </datafield>
  <datafield ind1=" " ind2=" " tag="042">
    <subfield code="a">pcc</subfield>
  </datafield>
  <datafield ind1=" " ind2=" " tag="043">
    <subfield code="a">fw-----</subfield>
  </datafield>
  <datafield ind1="0" ind2="0" tag="050">
    <subfield code="a">ML3760</subfield>
    <subfield code="b">.C38 2000</subfield>
  </datafield>
  <datafield ind1="0" ind2="0" tag="082">
    <subfield code="a">781.62/9634</subfield>
    <subfield code="2">21</subfield>
  </datafield>
  <datafield ind1="1" ind2=" " tag="100">
    <subfield code="a">Charry, Eric S.</subfield>
  </datafield>
  <datafield ind1="1" ind2="0" tag="245">
    <subfield code="a">Mande music :</subfield>
    <subfield code="b">traditional and modern music of the Maninka and Mandinka of Western Africa /</subfield>
    <subfield code="c">Eric Charry.</subfield>
  </datafield>
  <datafield ind1=" " ind2=" " tag="260">
    <subfield code="a">Chicago :</subfield>
    <subfield code="b">University of Chicago Press,</subfield>
    <subfield code="c">2000.</subfield>
  </datafield>
  <datafield ind1=" " ind2=" " tag="300">
    <subfield code="a">xxxi, 500 p. :</subfield>
    <subfield code="b">ill., maps, music ;</subfield>
    <subfield code="c">24 cm. +</subfield>
    <subfield code="e">1 sound disc (56 min. : digital ; 4 3/4 in.) + 1 booklet to accompany CD ( ca. 13 p., 12 cm.)</subfield>
  </datafield>
  <datafield ind1=" " ind2="0" tag="440">
    <subfield code="a">Chicago studies in ethnomusicology</subfield>
  </datafield>
  <datafield ind1=" " ind2=" " tag="504">
    <subfield code="a">Discography: p. [439]-459.</subfield>
  </datafield>
  <datafield ind1=" " ind2=" " tag="504">
    <subfield code="a">Videography: p. [461]-463.</subfield>
  </datafield>
  <datafield ind1=" " ind2=" " tag="504">
    <subfield code="a">Includes bibliographical references (p. [409]-437) and index.</subfield>
  </datafield>
  <datafield ind1=" " ind2=" " tag="546">
    <subfield code="a">In English, with frequent terms in various Mande languages and occasional parallel text in Maninka. Occasional text and song texts translated from French and other languages.</subfield>
  </datafield>
  <datafield ind1=" " ind2=" " tag="590">
    <subfield code="a">emk</subfield>
    <subfield code="2">Ethnologue 15 = ISO 639-3</subfield>
  </datafield>
  <datafield ind1=" " ind2="0" tag="650">
    <subfield code="a">Mandingo (African people)</subfield>
    <subfield code="v">Music</subfield>
    <subfield code="x">History and criticism.</subfield>
  </datafield>
  <datafield ind1=" " ind2="0" tag="650">
    <subfield code="a">Music</subfield>
    <subfield code="z">Africa, West</subfield>
    <subfield code="x">History and criticism.</subfield>
  </datafield>
  <datafield ind1=" " ind2="0" tag="650">
    <subfield code="a">Musical instruments</subfield>
    <subfield code="z">Africa, West</subfield>
    <subfield code="x">History and criticism.</subfield>
  </datafield>
  <datafield ind1=" " ind2="0" tag="650">
    <subfield code="a">Ethnomusicology</subfield>
    <subfield code="z">Africa, West.</subfield>
  </datafield>
  <datafield ind1="4" ind2="2" tag="856">
    <subfield code="3">Publisher description</subfield>
    <subfield code="u">http://www.loc.gov/catdir/description/uchi052/99046011.html</subfield>
  </datafield>
  <datafield ind1="4" ind2="2" tag="856">
    <subfield code="3">Contributor biographical information</subfield>
    <subfield code="u">http://www.loc.gov/catdir/bios/uchi051/99046011.html</subfield>
  </datafield>
  <datafield ind1="4" ind2="1" tag="856">
    <subfield code="3">Table of contents only</subfield>
    <subfield code="u">http://www.loc.gov/catdir/enhancements/fy0608/99046011-t.html</subfield>
  </datafield>
  <datafield ind1=" " ind2=" " tag="035">
    <subfield code="a">(TxDaGIAL)37741100035356</subfield>
  </datafield>
  <controlfield tag="005">20080624172653.0</controlfield>
  <controlfield tag="001">28309</controlfield>
  <controlfield tag="003">TxDaGIAL</controlfield>
  <datafield ind1=" " ind2=" " tag="852">
    <subfield code="p">37741100035356</subfield>
    <subfield code="a">Library</subfield>
    <subfield code="9">$14.85</subfield>
    <subfield code="x">FUND:AL-EthMus</subfield>
    <subfield code="x">COPYID:35335</subfield>
    <subfield code="x">FSC@aRegular@c20080318</subfield>
    <subfield code="h">781.629634 C485m 2000</subfield>
    <subfield code="z">Direct University of Chicago 2-08</subfield>
  </datafield>
  <datafield ind1=" " ind2=" " tag="852">
    <subfield code="p">37741100035357</subfield>
    <subfield code="a">Library</subfield>
    <subfield code="9">$14.85</subfield>
    <subfield code="x">FUND:AL-EthMus</subfield>
    <subfield code="x">COPYID:35336</subfield>
    <subfield code="x">FSC@aRegular@c20080318</subfield>
    <subfield code="h">781.629634 C485m 2000 CD</subfield>
    <subfield code="z">Direct University of Chicago 2-08</subfield>
  </datafield>
</record>