
<?xml version="1.0"?>
<record>
  <leader>03311cam a2200517 a 4500</leader>
  <controlfield tag="008">011218s2002    iluabgm  bk   001 0 eng  </controlfield>
  <datafield ind1=" " ind2=" " tag="010">
    <subfield code="a">  2001008414</subfield>
  </datafield>
  <datafield ind1=" " ind2=" " tag="020">
    <subfield code="a">0226029808 (hardcover : alk. paper)</subfield>
  </datafield>
  <datafield ind1=" " ind2=" " tag="020">
    <subfield code="a">0226029816 (paperback : alk. paper)</subfield>
  </datafield>
  <datafield ind1=" " ind2=" " tag="040">
    <subfield code="a">DLC</subfield>
    <subfield code="c">DLC</subfield>
    <subfield code="d">DLC</subfield>
    <subfield code="d">TxDaGIAL</subfield>
  </datafield>
  <datafield ind1="1" ind2=" " tag="041">
    <subfield code="a">engswanic</subfield>
  </datafield>
  <datafield ind1=" " ind2=" " tag="042">
    <subfield code="a">pcc</subfield>
  </datafield>
  <datafield ind1=" " ind2=" " tag="043">
    <subfield code="a">f-tz---</subfield>
  </datafield>
  <datafield ind1="0" ind2="0" tag="050">
    <subfield code="a">ML3760</subfield>
    <subfield code="b">.A84 2002</subfield>
  </datafield>
  <datafield ind1="0" ind2="0" tag="082">
    <subfield code="a">306.4/84</subfield>
    <subfield code="2">21</subfield>
  </datafield>
  <datafield ind1="0" ind2="4" tag="082">
    <subfield code="a">781.62/96/78</subfield>
    <subfield code="2">22</subfield>
  </datafield>
  <datafield ind1="0" ind2=" " tag="082">
    <subfield code="a">305.8/96/78</subfield>
    <subfield code="2">22</subfield>
  </datafield>
  <datafield ind1="1" ind2=" " tag="100">
    <subfield code="a">Askew, Kelly Michelle.</subfield>
  </datafield>
  <datafield ind1="1" ind2="0" tag="245">
    <subfield code="a">Performing the nation :</subfield>
    <subfield code="b">Swahili music and cultural politics in Tanzania /</subfield>
    <subfield code="c">Kelly M. Askew.</subfield>
  </datafield>
  <datafield ind1=" " ind2=" " tag="260">
    <subfield code="a">Chicago :</subfield>
    <subfield code="b">University of Chicago Press,</subfield>
    <subfield code="c">c2002.</subfield>
  </datafield>
  <datafield ind1=" " ind2=" " tag="300">
    <subfield code="a">xviii, 417 p. :</subfield>
    <subfield code="b">ill., maps, music ;</subfield>
    <subfield code="c">24 cm. +</subfield>
    <subfield code="e">1 sound disc (digital ; 4 3/4 in.)</subfield>
  </datafield>
  <datafield ind1=" " ind2="0" tag="440">
    <subfield code="a">Chicago studies in ethnomusicology</subfield>
  </datafield>
  <datafield ind1=" " ind2=" " tag="504">
    <subfield code="a">Includes bibliographical references (p. 357-375), discography (p. 377-402), and indexes.</subfield>
  </datafield>
  <datafield ind1=" " ind2=" " tag="500">
    <subfield code="a">Accompanying CD includes examples of taarab, ngoma, and dansi songs. A listing of song tracks, with notes, is found in Appendix C, p. 327-329. Full song texts and translations are found in Appendix A, pp 295-322.</subfield>
  </datafield>
  <datafield ind1="0" ind2=" " tag="505">
    <subfield code="a">Arts of governance -- Tanga, Tanganyika, Tanzania -- Of ginger ale and orange soda -- Weighty gestures, significant glances : taarab performance and the constitution of social relations -- Cultural revolution in Tanzania? -- Competing agendas : the production of Tanzanian national culture -- Of mwanyas and multipartyism : taarab performance and the Tanzanian state -- Conclusion : cultural policy by and for the people.</subfield>
  </datafield>
  <datafield ind1="8" ind2=" " tag="520">
    <subfield code="a">The author uses case studies and personal experiences in Tanzania to study how political and social power and status are expressed through performance. Both musical and nonmusical activities are analyzed. An ethnographic study of taarab, sung Swahili poetry, illustrates how participants use the song texts to communicate social and political messages.</subfield>
  </datafield>
  <datafield ind1=" " ind2=" " tag="546">
    <subfield code="a">In English with occasional parallel text in Swahili and one song in Digo (Kidigo), with parallel text in English.</subfield>
  </datafield>
  <datafield ind1=" " ind2=" " tag="590">
    <subfield code="a">swh</subfield>
    <subfield code="2">Ethnologue 15 = ISO-639-3</subfield>
  </datafield>
  <datafield ind1=" " ind2=" " tag="594">
    <subfield code="a">dig</subfield>
    <subfield code="2">Ethnologue 15 = ISO-639-3</subfield>
  </datafield>
  <datafield ind1=" " ind2="0" tag="650">
    <subfield code="a">Swahili-speaking peoples</subfield>
    <subfield code="z">Tanzania</subfield>
    <subfield code="v">Music</subfield>
    <subfield code="x">History and criticism.</subfield>
  </datafield>
  <datafield ind1=" " ind2="0" tag="650">
    <subfield code="a">Music</subfield>
    <subfield code="x">Social aspects</subfield>
    <subfield code="z">Tanzania.</subfield>
  </datafield>
  <datafield ind1=" " ind2="0" tag="650">
    <subfield code="a">Swahili-speaking peoples</subfield>
    <subfield code="z">Tanzania</subfield>
    <subfield code="v">Poetry</subfield>
    <subfield code="x">History and criticism.</subfield>
  </datafield>
  <datafield ind1=" " ind2="0" tag="650">
    <subfield code="a">Ethnomusicology</subfield>
    <subfield code="z">Tanzania.</subfield>
  </datafield>
  <datafield ind1=" " ind2="0" tag="651">
    <subfield code="a">Tanzania</subfield>
    <subfield code="x">Cultural policy.</subfield>
  </datafield>
  <datafield ind1=" " ind2="0" tag="650">
    <subfield code="a">Taarab (Music)</subfield>
    <subfield code="z">Tanzania</subfield>
    <subfield code="x">History and criticism.</subfield>
  </datafield>
  <datafield ind1=" " ind2="0" tag="650">
    <subfield code="a">Power (Social sciences)</subfield>
    <subfield code="z">Tanzania.</subfield>
  </datafield>
  <datafield ind1=" " ind2="0" tag="650">
    <subfield code="a">Swahili-speaking peoples</subfield>
    <subfield code="z">Tanzania</subfield>
    <subfield code="v">Poetry</subfield>
    <subfield code="v">Translations into English.</subfield>
  </datafield>
  <datafield ind1=" " ind2="0" tag="650">
    <subfield code="a">Folk songs, Swahili</subfield>
    <subfield code="v">Translations into English.</subfield>
  </datafield>
  <datafield ind1="4" ind2="2" tag="856">
    <subfield code="3">Publisher description</subfield>
    <subfield code="u">http://www.loc.gov/catdir/description/uchi051/2001008414.html</subfield>
  </datafield>
  <datafield ind1="4" ind2="2" tag="856">
    <subfield code="3">Contributor biographical information</subfield>
    <subfield code="u">http://www.loc.gov/catdir/bios/uchi051/2001008414.html</subfield>
  </datafield>
  <datafield ind1="4" ind2="1" tag="856">
    <subfield code="3">Table of contents</subfield>
    <subfield code="u">http://www.loc.gov/catdir/toc/uchi051/2001008414.html</subfield>
  </datafield>
  <datafield ind1=" " ind2=" " tag="035">
    <subfield code="a">(TxDaGIAL)37741100035359</subfield>
  </datafield>
  <controlfield tag="005">20080624172653.0</controlfield>
  <controlfield tag="001">28310</controlfield>
  <controlfield tag="003">TxDaGIAL</controlfield>
  <datafield ind1=" " ind2=" " tag="852">
    <subfield code="p">37741100035359</subfield>
    <subfield code="a">Library</subfield>
    <subfield code="9">$12.25</subfield>
    <subfield code="x">FUND:AL-EthMus</subfield>
    <subfield code="x">COPYID:35337</subfield>
    <subfield code="x">FSC@aRegular@c20080318</subfield>
    <subfield code="h">781.629678 A835p 2002</subfield>
    <subfield code="z">Direct University of Chicago 2-08</subfield>
  </datafield>
</record>