
<?xml version="1.0"?>
<record>
  <leader>01199cam a2200313 a 4500</leader>
  <controlfield tag="008">060915s2004    my abg   b   a001 0 eng  </controlfield>
  <datafield ind1=" " ind2=" " tag="010">
    <subfield code="a">  2006325441</subfield>
  </datafield>
  <datafield ind1=" " ind2=" " tag="020">
    <subfield code="a">9832369177</subfield>
  </datafield>
  <datafield ind1=" " ind2=" " tag="040">
    <subfield code="a">DLC</subfield>
    <subfield code="c">DLC</subfield>
    <subfield code="d">DLC</subfield>
    <subfield code="d">TxDaGIAL</subfield>
  </datafield>
  <datafield ind1=" " ind2=" " tag="042">
    <subfield code="a">lcode</subfield>
  </datafield>
  <datafield ind1=" " ind2=" " tag="043">
    <subfield code="a">a-my---</subfield>
  </datafield>
  <datafield ind1="0" ind2="0" tag="050">
    <subfield code="a">ML3758.M427</subfield>
    <subfield code="b">P84 2004</subfield>
  </datafield>
  <datafield ind1="0" ind2="4" tag="082">
    <subfield code="a">781.62/992</subfield>
    <subfield code="2">22</subfield>
  </datafield>
  <datafield ind1="1" ind2=" " tag="100">
    <subfield code="a">Pugh-Kitingan, Jacqueline.</subfield>
  </datafield>
  <datafield ind1="1" ind2="0" tag="245">
    <subfield code="a">Selected papers on music in Sabah /</subfield>
    <subfield code="c">Jacqueline Pugh-Kitingan.</subfield>
  </datafield>
  <datafield ind1="3" ind2="0" tag="246">
    <subfield code="a">Music in Sabah</subfield>
  </datafield>
  <datafield ind1=" " ind2=" " tag="260">
    <subfield code="a">Kota Kinabalu, Sabah, Malaysia :</subfield>
    <subfield code="b">Kadazandusun Chair, Universiti Malaysia Sabah,</subfield>
    <subfield code="c">2004.</subfield>
  </datafield>
  <datafield ind1=" " ind2=" " tag="300">
    <subfield code="a">xxii, 232 p. :</subfield>
    <subfield code="b">ill. (some col.), map, music ;</subfield>
    <subfield code="c">23 cm.</subfield>
  </datafield>
  <datafield ind1=" " ind2=" " tag="504">
    <subfield code="a">Includes bibliographical references (p. 202-211) and index.</subfield>
  </datafield>
  <datafield ind1=" " ind2=" " tag="590">
    <subfield code="a">kzt</subfield>
    <subfield code="2">Ethnologue 15 = ISO 639-3</subfield>
  </datafield>
  <datafield ind1=" " ind2="0" tag="650">
    <subfield code="a">Ethnomusicology</subfield>
    <subfield code="z">Malaysia</subfield>
    <subfield code="z">Sabah.</subfield>
  </datafield>
  <datafield ind1=" " ind2="0" tag="651">
    <subfield code="a">Malaysia</subfield>
    <subfield code="z">Sabah</subfield>
    <subfield code="v">Music.</subfield>
  </datafield>
  <datafield ind1=" " ind2="0" tag="650">
    <subfield code="a">Folk music</subfield>
    <subfield code="z">Malaysia</subfield>
    <subfield code="z">Sabah</subfield>
    <subfield code="x">History and criticism.</subfield>
  </datafield>
  <datafield ind1=" " ind2="0" tag="650">
    <subfield code="a">Musical instruments</subfield>
    <subfield code="z">Malaysia</subfield>
    <subfield code="z">Sabah.</subfield>
  </datafield>
  <datafield ind1=" " ind2=" " tag="035">
    <subfield code="a">(TxDaGIAL)37741100035251</subfield>
  </datafield>
  <controlfield tag="005">20080624172653.0</controlfield>
  <controlfield tag="001">28311</controlfield>
  <controlfield tag="003">TxDaGIAL</controlfield>
  <datafield ind1=" " ind2=" " tag="852">
    <subfield code="p">37741100035251</subfield>
    <subfield code="a">Library</subfield>
    <subfield code="9">$0.00</subfield>
    <subfield code="x">FUND:Gift</subfield>
    <subfield code="x">COPYID:35338</subfield>
    <subfield code="x">FSC@aRegular@c20080312</subfield>
    <subfield code="h">781.62992 P978s 2004</subfield>
    <subfield code="z">Gift SIL-EDO 1-08</subfield>
  </datafield>
</record>