
<?xml version="1.0"?>
<record>
  <leader>02264cam a2200421 a 4500</leader>
  <controlfield tag="008">920710s1993    iluabgm  bk   001 0 eng  </controlfield>
  <datafield ind1=" " ind2=" " tag="010">
    <subfield code="a">   92027432</subfield>
  </datafield>
  <datafield ind1=" " ind2=" " tag="020">
    <subfield code="a">0226310418</subfield>
  </datafield>
  <datafield ind1=" " ind2=" " tag="020">
    <subfield code="a">0226310426 (pbk.)</subfield>
  </datafield>
  <datafield ind1=" " ind2=" " tag="040">
    <subfield code="a">DLC</subfield>
    <subfield code="c">DLC</subfield>
    <subfield code="d">DLC</subfield>
    <subfield code="d">TxDaGIAL</subfield>
  </datafield>
  <datafield ind1="0" ind2=" " tag="041">
    <subfield code="a">engcpf</subfield>
  </datafield>
  <datafield ind1=" " ind2=" " tag="043">
    <subfield code="a">nw-----</subfield>
  </datafield>
  <datafield ind1="0" ind2="0" tag="050">
    <subfield code="a">ML3485.5</subfield>
    <subfield code="b">.G84 1993</subfield>
  </datafield>
  <datafield ind1="0" ind2="4" tag="082">
    <subfield code="a">781.63/09/729</subfield>
    <subfield code="2">22</subfield>
  </datafield>
  <datafield ind1="0" ind2=" " tag="082">
    <subfield code="a">781.554</subfield>
    <subfield code="2">22</subfield>
  </datafield>
  <datafield ind1="0" ind2=" " tag="082">
    <subfield code="a">781.62/729</subfield>
    <subfield code="2">22</subfield>
  </datafield>
  <datafield ind1="1" ind2=" " tag="100">
    <subfield code="a">Guilbault, Jocelyne.</subfield>
  </datafield>
  <datafield ind1="1" ind2="0" tag="245">
    <subfield code="a">Zouk :</subfield>
    <subfield code="b">world music in the West Indies /</subfield>
    <subfield code="c">Jocelyne Guilbault with Gage Averill, &#xA9;douard Benoit, Gregory Rabess.</subfield>
  </datafield>
  <datafield ind1=" " ind2=" " tag="260">
    <subfield code="a">Chicago :</subfield>
    <subfield code="b">University of Chicago Press,</subfield>
    <subfield code="c">1993.</subfield>
  </datafield>
  <datafield ind1=" " ind2=" " tag="300">
    <subfield code="a">xxv, 279 p., [8] p. of plates :</subfield>
    <subfield code="b">ill., music ;</subfield>
    <subfield code="c">24 cm +</subfield>
    <subfield code="e">1 CD (4 3/4 in.)</subfield>
  </datafield>
  <datafield ind1=" " ind2="0" tag="440">
    <subfield code="a">Chicago studies in ethnomusicology</subfield>
  </datafield>
  <datafield ind1=" " ind2=" " tag="500">
    <subfield code="a">Annotated contents of accompanying CD, with excerpts of biguine, compas, cadence-lypso, and zouk, is found on p. ix-xii.</subfield>
  </datafield>
  <datafield ind1="8" ind2=" " tag="520">
    <subfield code="a">This ethnography examines zouk and its origins as a world music style from the Lesser Antilles. As a social power, zouk is one of the most controversial topics of discussion in the islands, with people responding differently to zouk on each of the four islands studied: Guadeloupe, Dominica, Martinique, and St. Lucia. This book also includes commissioned papers by &#xA9;douard Benoit, Gage Averill, and Gregory Rabess.</subfield>
  </datafield>
  <datafield ind1=" " ind2=" " tag="504">
    <subfield code="a">Includes bibliographical references (p. 257-269) and index.</subfield>
  </datafield>
  <datafield ind1=" " ind2=" " tag="504">
    <subfield code="a">Discography: p. 229-231.</subfield>
  </datafield>
  <datafield ind1=" " ind2=" " tag="546">
    <subfield code="a">In English, with occasional parallel text in St. Lucian Creole French.</subfield>
  </datafield>
  <datafield ind1=" " ind2=" " tag="590">
    <subfield code="a">acf</subfield>
    <subfield code="2">Ethnologue 15 = ISO 639-3</subfield>
  </datafield>
  <datafield ind1=" " ind2="0" tag="650">
    <subfield code="a">Zouk (Music)</subfield>
    <subfield code="z">West Indies</subfield>
    <subfield code="x">History and criticism.</subfield>
  </datafield>
  <datafield ind1=" " ind2="0" tag="650">
    <subfield code="a">World beat (Music)</subfield>
    <subfield code="z">West Indies</subfield>
    <subfield code="x">History and criticism.</subfield>
  </datafield>
  <datafield ind1=" " ind2="0" tag="651">
    <subfield code="a">West Indies</subfield>
    <subfield code="x">Popular music.</subfield>
  </datafield>
  <datafield ind1=" " ind2="0" tag="650">
    <subfield code="a">Ethnomusicology</subfield>
    <subfield code="z">Antilles, Lesser.</subfield>
  </datafield>
  <datafield ind1="4" ind2="2" tag="856">
    <subfield code="3">Publisher description</subfield>
    <subfield code="u">http://www.loc.gov/catdir/description/uchi052/92027432.html</subfield>
  </datafield>
  <datafield ind1="4" ind2="1" tag="856">
    <subfield code="3">Table of contents</subfield>
    <subfield code="u">http://www.loc.gov/catdir/toc/uchi051/92027432.html</subfield>
  </datafield>
  <datafield ind1=" " ind2=" " tag="035">
    <subfield code="a">(TxDaGIAL)37741100035360</subfield>
  </datafield>
  <controlfield tag="005">20080624172654.0</controlfield>
  <controlfield tag="001">28312</controlfield>
  <controlfield tag="003">TxDaGIAL</controlfield>
  <datafield ind1=" " ind2=" " tag="852">
    <subfield code="p">37741100035360</subfield>
    <subfield code="a">Library</subfield>
    <subfield code="9">$12.25</subfield>
    <subfield code="x">FUND:AL-EthMus</subfield>
    <subfield code="x">COPYID:35339</subfield>
    <subfield code="x">FSC@aRegular@c20080318</subfield>
    <subfield code="h">781.6309729 G953z 1993</subfield>
    <subfield code="z">Direct University of Chicago 2-08</subfield>
  </datafield>
</record>