
<?xml version="1.0"?>
<record>
  <leader>01060nam a2200265 a 4500</leader>
  <controlfield tag="008">980406s1996    cauabo        000 0 eng d</controlfield>
  <datafield ind1=" " ind2=" " tag="040">
    <subfield code="a">UDH</subfield>
    <subfield code="c">UDH</subfield>
    <subfield code="d">TxDaGIAL</subfield>
  </datafield>
  <datafield ind1="1" ind2=" " tag="041">
    <subfield code="a">engnai</subfield>
  </datafield>
  <datafield ind1="0" ind2="4" tag="082">
    <subfield code="a">979.4/004/974</subfield>
    <subfield code="2">22</subfield>
  </datafield>
  <datafield ind1="1" ind2=" " tag="100">
    <subfield code="a">Bates, Craig D.</subfield>
  </datafield>
  <datafield ind1="1" ind2="4" tag="245">
    <subfield code="a">The Miwok in Yosemite :</subfield>
    <subfield code="b">Southern Miwok life, history, and language in the Yosemite region /</subfield>
    <subfield code="c">by Craig D. Bates ; Southern Sierra Miwok translations by Isabelle Jimenez with Brian Bibby.</subfield>
  </datafield>
  <datafield ind1=" " ind2=" " tag="260">
    <subfield code="a">Yosemite National Park, Calif. :</subfield>
    <subfield code="b">Yosemite Association,</subfield>
    <subfield code="c">c1996.</subfield>
  </datafield>
  <datafield ind1=" " ind2=" " tag="300">
    <subfield code="a">[2], 26 p. :</subfield>
    <subfield code="b">ill., map ;</subfield>
    <subfield code="c">21 cm.</subfield>
  </datafield>
  <datafield ind1=" " ind2=" " tag="546">
    <subfield code="a">English with extensive interlinear text in Miwok.</subfield>
  </datafield>
  <datafield ind1=" " ind2=" " tag="590">
    <subfield code="a">skd</subfield>
    <subfield code="2">Ethnologue 15 = ISO/DIS 639-3</subfield>
  </datafield>
  <datafield ind1=" " ind2="0" tag="650">
    <subfield code="a">Miwok Indians.</subfield>
  </datafield>
  <datafield ind1=" " ind2="0" tag="650">
    <subfield code="a">Miwok languages.</subfield>
  </datafield>
  <datafield ind1="1" ind2=" " tag="700">
    <subfield code="a">Jimenez, Isabelle.</subfield>
  </datafield>
  <datafield ind1="1" ind2=" " tag="700">
    <subfield code="a">Bibby, Brian.</subfield>
  </datafield>
  <datafield ind1="2" ind2=" " tag="710">
    <subfield code="a">Yosemite Association.</subfield>
  </datafield>
  <datafield ind1=" " ind2=" " tag="035">
    <subfield code="a">(TxDaGIAL)37741100029020</subfield>
  </datafield>
  <controlfield tag="005">20080624172654.0</controlfield>
  <controlfield tag="001">28313</controlfield>
  <controlfield tag="003">TxDaGIAL</controlfield>
  <datafield ind1=" " ind2=" " tag="852">
    <subfield code="p">37741100029020</subfield>
    <subfield code="a">Library</subfield>
    <subfield code="9">$0.00</subfield>
    <subfield code="x">FUND:Gift</subfield>
    <subfield code="x">COPYID:35340</subfield>
    <subfield code="x">FSC@aRegular@c20051115</subfield>
    <subfield code="h">979.4004974 B329m 1996</subfield>
    <subfield code="z">Gift 5-05</subfield>
  </datafield>
</record>