
<?xml version="1.0"?>
<record>
  <leader>02217nam a2200289 a 4500</leader>
  <controlfield tag="008">760620s1953    pe a     b    000 0 eng d</controlfield>
  <datafield ind1=" " ind2=" " tag="040">
    <subfield code="a">TxDaGIAL</subfield>
    <subfield code="c">TxDaGIAL</subfield>
  </datafield>
  <datafield ind1="0" ind2=" " tag="041">
    <subfield code="a">spasai</subfield>
  </datafield>
  <datafield ind1=" " ind2=" " tag="042">
    <subfield code="a">lcd</subfield>
    <subfield code="a">premarc</subfield>
  </datafield>
  <datafield ind1=" " ind2=" " tag="043">
    <subfield code="a">s-pe---</subfield>
  </datafield>
  <datafield ind1="0" ind2="0" tag="050">
    <subfield code="a">F3430</subfield>
    <subfield code="b">.P49</subfield>
  </datafield>
  <datafield ind1="0" ind2="4" tag="082">
    <subfield code="a">985.00498</subfield>
    <subfield code="2">22</subfield>
  </datafield>
  <datafield ind1="0" ind2="0" tag="245">
    <subfield code="a">Per&#xA9;&#xF0; ind&#xA9;&#x1AF;gena, vol. 5 no. 12 :</subfield>
    <subfield code="b">&#xA9;&#x111;rgano del Instituto Indigenista Peruano.</subfield>
  </datafield>
  <datafield ind1=" " ind2=" " tag="260">
    <subfield code="a">Lima, Per&#xA9;&#xF0; :</subfield>
    <subfield code="b">El Instituto,</subfield>
    <subfield code="c">1953.</subfield>
  </datafield>
  <datafield ind1=" " ind2=" " tag="300">
    <subfield code="a">180 p. :</subfield>
    <subfield code="b">ill. ;</subfield>
    <subfield code="c">25 cm.</subfield>
  </datafield>
  <datafield ind1=" " ind2=" " tag="500">
    <subfield code="a">Title from cover.</subfield>
  </datafield>
  <datafield ind1="8" ind2=" " tag="505">
    <subfield code="a">Los estudios etnol&#xA9;&#x111;gicos en el Peru -- El primer descubrimiento y la primera conquista de Am&#xA9;&#x266D;rica / Manuel Gamio -- Las comunidades ind&#xA9;&#x1AF;genas del Peru / Luis E. Valc&#xA9;&#x141;rcel -- Los comedores peruanos de tierra / Pedro Weiss -- La gran  fiesta del Raymi / Luis A. Pardo -- El problema de la educaci&#xA9;&#x111;n del indio / Jos&#xA9;&#x266D; M Valega -- Los restos arqueol&#xA9;&#x111;gicos del Cusco: su valor paleol&#xA9;&#x1AF;tico / Jorge A. Lira -- La Sierra, motivario de poes&#xA9;&#x1AF;a y folklore / Clodoaldo A. Espinosa Bravo -- Antecedentes hist&#xA9;&#x111;ricas acerca de Choguehuanca / N&#xA9;&#x266D;stor Puertas Castro -- El carisiri / Pastor Ord&#xA9;&#x111;&#xA9;&#x142;ez -- Pronombres personales en Andoa / Catherine Peeke y Mary Sargent -- Un cuento amuesha [Yanesha'] / Peter W. Fast -- Noches andinas / Alicia M&#xA9;&#x141;rquez de Duarte -- Una interesante correspondencia en el folklore peruano-argentino / F&#xA9;&#x266D;lix Coluccio -- Puerto Rico ind&#xA9;&#x1AF;gena / Augusto Malaret -- Artista vernacular y El tinterillo / Jos&#xA9;&#x266D; Sagobal -- Documentos del Siglo XVI -- El Proyecto Per&#xA9;&#xF0;-Cornell -- Editoriales de El Peruano -- Notas bibliogr&#xA9;&#x141;ficas / C&#xA9;&#x266D;sar A. Angeles Caballero -- Relaci&#xA9;&#x111;n de publicaciones recibidas en la Biblioteca del Instituto -- Bibliograf&#xA9;&#x1AF;a</subfield>
  </datafield>
  <datafield ind1=" " ind2=" " tag="546">
    <subfield code="a">In Spanish. Includes text in Yanesha', an Arawakan language of Peru.</subfield>
  </datafield>
  <datafield ind1=" " ind2=" " tag="590">
    <subfield code="a">ame</subfield>
    <subfield code="2">Ethnologue 15 = ISO/DIS 639-3</subfield>
  </datafield>
  <datafield ind1=" " ind2=" " tag="590">
    <subfield code="a">anb</subfield>
    <subfield code="2">Ethnologue 15 = ISO/DIS 639-3</subfield>
  </datafield>
  <datafield ind1=" " ind2="0" tag="650">
    <subfield code="a">Indians of South America</subfield>
    <subfield code="z">Peru</subfield>
    <subfield code="v">Periodicals.</subfield>
  </datafield>
  <datafield ind1="2" ind2=" " tag="710">
    <subfield code="a">Instituto Indigenista Peruano.</subfield>
  </datafield>
  <datafield ind1=" " ind2=" " tag="035">
    <subfield code="a">(TxDaGIAL)37741100029590</subfield>
  </datafield>
  <controlfield tag="005">20080624172654.0</controlfield>
  <controlfield tag="001">28314</controlfield>
  <controlfield tag="003">TxDaGIAL</controlfield>
  <datafield ind1=" " ind2=" " tag="852">
    <subfield code="p">37741100029590</subfield>
    <subfield code="a">Library</subfield>
    <subfield code="9">$0.00</subfield>
    <subfield code="x">FUND:Gift</subfield>
    <subfield code="x">COPYID:35341</subfield>
    <subfield code="x">FSC@aRegular@c20060302</subfield>
    <subfield code="h">985.00498 P471a 1953</subfield>
    <subfield code="z">Gift SIL-Language and Culture Archives 5-04</subfield>
  </datafield>
</record>