
<?xml version="1.0"?>
<record>
  <leader>01194cam a2200301 a 4500</leader>
  <controlfield tag="008">800227s1979    at ab    b    001 0 eng  </controlfield>
  <datafield ind1=" " ind2=" " tag="010">
    <subfield code="a">   80461443</subfield>
  </datafield>
  <datafield ind1=" " ind2=" " tag="015">
    <subfield code="a">Aus***</subfield>
  </datafield>
  <datafield ind1=" " ind2=" " tag="020">
    <subfield code="a">0702214175</subfield>
  </datafield>
  <datafield ind1=" " ind2=" " tag="040">
    <subfield code="a">DLC</subfield>
    <subfield code="c">DLC</subfield>
    <subfield code="d">DLC</subfield>
    <subfield code="d">TxDaGIAL</subfield>
  </datafield>
  <datafield ind1="0" ind2=" " tag="041">
    <subfield code="a">engaus</subfield>
  </datafield>
  <datafield ind1=" " ind2=" " tag="043">
    <subfield code="a">u-at-qn</subfield>
    <subfield code="a">a-pp---</subfield>
  </datafield>
  <datafield ind1="0" ind2="0" tag="050">
    <subfield code="a">DU280.T7</subfield>
    <subfield code="b">S56</subfield>
  </datafield>
  <datafield ind1="0" ind2="0" tag="082">
    <subfield code="a">994.3/8</subfield>
  </datafield>
  <datafield ind1="1" ind2=" " tag="100">
    <subfield code="a">Singe, John,</subfield>
    <subfield code="d">1950-</subfield>
  </datafield>
  <datafield ind1="1" ind2="4" tag="245">
    <subfield code="a">The Torres Strait :</subfield>
    <subfield code="b">people and history /</subfield>
    <subfield code="c">by John Singe.</subfield>
  </datafield>
  <datafield ind1=" " ind2=" " tag="260">
    <subfield code="a">St. Lucia [Australia] :</subfield>
    <subfield code="b">University of Queensland Press,</subfield>
    <subfield code="c">c1979.</subfield>
  </datafield>
  <datafield ind1=" " ind2=" " tag="300">
    <subfield code="a">xiv, 267 p. :</subfield>
    <subfield code="b">ill., maps ;</subfield>
    <subfield code="c">25 cm.</subfield>
  </datafield>
  <datafield ind1=" " ind2=" " tag="504">
    <subfield code="a">Includes bibliographical references (p. [249]-254) and index.</subfield>
  </datafield>
  <datafield ind1=" " ind2=" " tag="546">
    <subfield code="a">English with occasional text, with translation, in Kala Lagaw Ya (Mabuiag) language of the Western Torres Strait and Meriam, a language of the Eastern Torres Strait.</subfield>
  </datafield>
  <datafield ind1=" " ind2=" " tag="590">
    <subfield code="a">mwp</subfield>
    <subfield code="2">Ethnologue 15 = ISO/DIS 639-3</subfield>
  </datafield>
  <datafield ind1=" " ind2="0" tag="650">
    <subfield code="a">Torres Strait Islanders.</subfield>
  </datafield>
  <datafield ind1=" " ind2="0" tag="651">
    <subfield code="a">Torres Strait</subfield>
    <subfield code="x">History.</subfield>
  </datafield>
  <datafield ind1=" " ind2=" " tag="035">
    <subfield code="a">(TxDaGIAL)37741100034091</subfield>
  </datafield>
  <controlfield tag="005">20080624172654.0</controlfield>
  <controlfield tag="001">28316</controlfield>
  <controlfield tag="003">TxDaGIAL</controlfield>
  <datafield ind1=" " ind2=" " tag="852">
    <subfield code="p">37741100034091</subfield>
    <subfield code="a">Library</subfield>
    <subfield code="9">$0.00</subfield>
    <subfield code="x">FUND:Gift</subfield>
    <subfield code="x">COPYID:35343</subfield>
    <subfield code="x">FSC@aRegular@c20060824</subfield>
    <subfield code="h">994.38 S617t 1979</subfield>
    <subfield code="z">Gift Karl J. Franklin 7-02</subfield>
  </datafield>
</record>