
<?xml version="1.0"?>
<record>
  <leader>01281nam a22002771i 4500</leader>
  <controlfield tag="008">870402s1920    gt       b    00010 spa  </controlfield>
  <datafield ind1=" " ind2=" " tag="010">
    <subfield code="a">   42049314</subfield>
  </datafield>
  <datafield ind1=" " ind2=" " tag="035">
    <subfield code="a">(CU-UC)3499220</subfield>
  </datafield>
  <datafield ind1=" " ind2=" " tag="040">
    <subfield code="a">DLC</subfield>
    <subfield code="c">CLE</subfield>
    <subfield code="d">RQE</subfield>
  </datafield>
  <datafield ind1=" " ind2=" " tag="041">
    <subfield code="a">spamyn</subfield>
  </datafield>
  <datafield ind1=" " ind2=" " tag="050">
    <subfield code="a">PM3576</subfield>
    <subfield code="b">.R6</subfield>
  </datafield>
  <datafield ind1="0" ind2="4" tag="082">
    <subfield code="a">497.422/5</subfield>
    <subfield code="2">22</subfield>
  </datafield>
  <datafield ind1="1" ind2="0" tag="100">
    <subfield code="a">Rosales, Carlos Joseph,</subfield>
    <subfield code="d">fl. 1748.</subfield>
  </datafield>
  <datafield ind1="1" ind2="0" tag="245">
    <subfield code="a">Gram&#xA9;&#x141;tica del idioma cachiquel :</subfield>
    <subfield code="b">escrita en 1748 por un religioso franciscano /</subfield>
    <subfield code="c">el r.p. fr. Carlos J. Rosales? Publ&#xA9;&#x1AF;cala por vez primera con una introducci&#xA9;&#x111;n , una bibliograf&#xA9;&#x1AF;a cachiquelkiche-zutuhil, correcciones, notas, un paralelo del cachiquel y un compendio y castellano el p. fr. Daniel S&#xA9;&#x141;nchez Garc&#xA9;&#x1AF;a ...</subfield>
  </datafield>
  <datafield ind1="0" ind2=" " tag="260">
    <subfield code="a">Guatemala :</subfield>
    <subfield code="b">C. A., Tipograf&#xA9;&#x1AF;a "San Antonio",</subfield>
    <subfield code="c">[1920]</subfield>
  </datafield>
  <datafield ind1=" " ind2=" " tag="300">
    <subfield code="a">4 p.  ., [v]-xii, [13]-20, xxi-xxvii, 116, [2] p. ;</subfield>
    <subfield code="c">23 cm.</subfield>
  </datafield>
  <datafield ind1=" " ind2=" " tag="504">
    <subfield code="a">"Bibliograf&#xA9;&#x1AF;a cachiquel-quich&#xA9;&#x266D;": p. [13]-20, xxi-xxvii.</subfield>
  </datafield>
  <datafield ind1=" " ind2=" " tag="546">
    <subfield code="a">In Spanish, with frequent parallel text in Kaqchiquel.</subfield>
  </datafield>
  <datafield ind1=" " ind2=" " tag="590">
    <subfield code="a">cak</subfield>
    <subfield code="2">Ethnologue 15 = ISO/DIS 639-3</subfield>
  </datafield>
  <datafield ind1=" " ind2="0" tag="650">
    <subfield code="a">Cakchikel language</subfield>
    <subfield code="x">Grammar.</subfield>
  </datafield>
  <datafield ind1="1" ind2="1" tag="700">
    <subfield code="a">S&#xA9;&#x141;nchez Garc&#xA9;&#x1AF;a, Daniel.</subfield>
  </datafield>
  <datafield ind1=" " ind2=" " tag="035">
    <subfield code="a">(TxDaGIAL)37741100016526</subfield>
  </datafield>
  <controlfield tag="005">20080624172720.0</controlfield>
  <controlfield tag="001">28493</controlfield>
  <controlfield tag="003">TxDaGIAL</controlfield>
  <datafield ind1=" " ind2=" " tag="852">
    <subfield code="p">37741100016526</subfield>
    <subfield code="a">Library</subfield>
    <subfield code="x">COPYID:35552</subfield>
    <subfield code="x">FSC@aRARE@c19970407</subfield>
    <subfield code="h">RARE 497.4225 R788g 1920</subfield>
    <subfield code="z">529</subfield>
  </datafield>
</record>