
<?xml version="1.0"?>
<record>
  <leader>01397cam a2200313 a 4500</leader>
  <controlfield tag="008">070620s2007    idu      d    000 0 eng  </controlfield>
  <datafield ind1=" " ind2=" " tag="010">
    <subfield code="a">  2007931397</subfield>
  </datafield>
  <datafield ind1=" " ind2=" " tag="040">
    <subfield code="a">DLC</subfield>
    <subfield code="c">DLC</subfield>
    <subfield code="d">TxDaGIAL</subfield>
  </datafield>
  <datafield ind1="0" ind2=" " tag="041">
    <subfield code="a">engkpe</subfield>
  </datafield>
  <datafield ind1="0" ind2="4" tag="082">
    <subfield code="a">496.34</subfield>
    <subfield code="2">22</subfield>
  </datafield>
  <datafield ind1="1" ind2=" " tag="100">
    <subfield code="a">Leidenfrost, Theodore Ernest.</subfield>
  </datafield>
  <datafield ind1="1" ind2="0" tag="245">
    <subfield code="a">Kpelee-woo - Kwiiwoo Su-kula Kolo =</subfield>
    <subfield code="b">Kpelle - English dictionary ; with a grammar sketch and English-Kpelle finder list /</subfield>
    <subfield code="c">Theodore E. Leidenfrost and John S. McKay.</subfield>
  </datafield>
  <datafield ind1="3" ind2=" " tag="246">
    <subfield code="a">Kpelle - English dictionary</subfield>
  </datafield>
  <datafield ind1=" " ind2=" " tag="250">
    <subfield code="a">[2nd ed].</subfield>
  </datafield>
  <datafield ind1=" " ind2=" " tag="260">
    <subfield code="a">Moscow, ID :</subfield>
    <subfield code="b">Palaverhut Press,</subfield>
    <subfield code="c">c2007.</subfield>
  </datafield>
  <datafield ind1=" " ind2=" " tag="300">
    <subfield code="a">xxxii, 400 p. ;</subfield>
    <subfield code="c">25 cm.</subfield>
  </datafield>
  <datafield ind1=" " ind2=" " tag="500">
    <subfield code="a">Title contains phonetic symbols. First word has backwards "3" instead of "e". Last word has backwards "c" instead of "o"</subfield>
  </datafield>
  <datafield ind1=" " ind2=" " tag="500">
    <subfield code="a">"The first edition of the dictionary was publishd 1973 as Book No. 181 by the Kpelle LLL-BT Center" -- p. ix.</subfield>
  </datafield>
  <datafield ind1=" " ind2=" " tag="546">
    <subfield code="a">In English and Liberia Kpelle.</subfield>
  </datafield>
  <datafield ind1=" " ind2=" " tag="590">
    <subfield code="a">xpe</subfield>
    <subfield code="2">Ethnologue 15 = ISO 639-3</subfield>
  </datafield>
  <datafield ind1=" " ind2="0" tag="650">
    <subfield code="a">Kpelle language</subfield>
    <subfield code="v">Dictionaries</subfield>
    <subfield code="x">English.</subfield>
  </datafield>
  <datafield ind1=" " ind2="0" tag="650">
    <subfield code="a">English language</subfield>
    <subfield code="v">Dictionaries</subfield>
    <subfield code="x">Kpelle language.</subfield>
  </datafield>
  <datafield ind1=" " ind2="0" tag="650">
    <subfield code="a">Kpelle language</subfield>
    <subfield code="x">Grammar.</subfield>
  </datafield>
  <datafield ind1="1" ind2=" " tag="700">
    <subfield code="a">McKay, John S.</subfield>
  </datafield>
  <datafield ind1=" " ind2=" " tag="035">
    <subfield code="a">(TxDaGIAL)37741100035434</subfield>
  </datafield>
  <controlfield tag="005">20080624172723.0</controlfield>
  <controlfield tag="001">28505</controlfield>
  <controlfield tag="003">TxDaGIAL</controlfield>
  <datafield ind1=" " ind2=" " tag="852">
    <subfield code="p">37741100035434</subfield>
    <subfield code="a">Library</subfield>
    <subfield code="9">$0.00</subfield>
    <subfield code="x">FUND:Gift</subfield>
    <subfield code="x">COPYID:35569</subfield>
    <subfield code="x">FSC@aRegular@c20080422</subfield>
    <subfield code="h">496.34 L527k 2007</subfield>
    <subfield code="z">Gift Theodore E. Leidenfrost 3-08</subfield>
  </datafield>
</record>