
<?xml version="1.0"?>
<record>
  <leader>01968cam a2200421 a 4500</leader>
  <controlfield tag="008">940111s1993    pp a     b    000 0 eng  </controlfield>
  <datafield ind1=" " ind2=" " tag="010">
    <subfield code="a">   94104043</subfield>
  </datafield>
  <datafield ind1=" " ind2=" " tag="020">
    <subfield code="a">9980010959</subfield>
  </datafield>
  <datafield ind1=" " ind2=" " tag="040">
    <subfield code="a">DLC</subfield>
    <subfield code="c">DLC</subfield>
    <subfield code="d">TxDaGIAL</subfield>
  </datafield>
  <datafield ind1="1" ind2=" " tag="041">
    <subfield code="a">engmap</subfield>
  </datafield>
  <datafield ind1="0" ind2="0" tag="050">
    <subfield code="a">PL5031</subfield>
    <subfield code="b">.P56 1993</subfield>
  </datafield>
  <datafield ind1="0" ind2="0" tag="082">
    <subfield code="a">499/.5</subfield>
    <subfield code="2">20</subfield>
  </datafield>
  <datafield ind1="0" ind2="4" tag="082">
    <subfield code="a">499.12/05</subfield>
    <subfield code="2">22</subfield>
  </datafield>
  <datafield ind1="0" ind2="0" tag="245">
    <subfield code="a">Phonologies of Austronesian Languages No. 2 /</subfield>
    <subfield code="c">edited by John M. Clifton.</subfield>
  </datafield>
  <datafield ind1=" " ind2=" " tag="260">
    <subfield code="a">Ukarumpa via Lae, Papua New Guinea :</subfield>
    <subfield code="b">Summer Institute of Linguistics,</subfield>
    <subfield code="c">c1993.</subfield>
  </datafield>
  <datafield ind1=" " ind2=" " tag="300">
    <subfield code="a">156 p. :</subfield>
    <subfield code="b">ill. ;</subfield>
    <subfield code="c">21 cm.</subfield>
  </datafield>
  <datafield ind1=" " ind2="0" tag="440">
    <subfield code="a">Data papers on Papua New Guinea languages ;</subfield>
    <subfield code="v">v. 40</subfield>
  </datafield>
  <datafield ind1=" " ind2=" " tag="500">
    <subfield code="a">Available online.</subfield>
  </datafield>
  <datafield ind1=" " ind2=" " tag="504">
    <subfield code="a">Includes bibliographical references.</subfield>
  </datafield>
  <datafield ind1="8" ind2=" " tag="505">
    <subfield code="a">Misiman [Misima-Paneati] phonology / Bill Callister -- The phonology of the Sio language / Dawn Soetenga Clark -- Mengen phonology essentials / Daniel D. Rath -- A Kara phonology / Perry and Ginny Schlie -- Unmotivated processes: the case of Patep / Linda Lauck Vissering</subfield>
  </datafield>
  <datafield ind1="0" ind2=" " tag="510">
    <subfield code="a">Indexed in SIL Bibliography</subfield>
  </datafield>
  <datafield ind1=" " ind2=" " tag="546">
    <subfield code="a">In English with frequent interlinear text in Malayo-Polynesian languages of Papua New Guinea.</subfield>
  </datafield>
  <datafield ind1=" " ind2=" " tag="590">
    <subfield code="a">mpx</subfield>
    <subfield code="2">Ethnologue 15 = ISO 639-3</subfield>
  </datafield>
  <datafield ind1=" " ind2=" " tag="590">
    <subfield code="a">xsi</subfield>
    <subfield code="2">Ethnologue 15 = ISO 639-3</subfield>
  </datafield>
  <datafield ind1=" " ind2=" " tag="590">
    <subfield code="a">mee</subfield>
    <subfield code="2">Ethnologue 15 = ISO 639-3</subfield>
  </datafield>
  <datafield ind1=" " ind2=" " tag="590">
    <subfield code="a">leu</subfield>
    <subfield code="2">Ethnologue 15 = ISO 639-3</subfield>
  </datafield>
  <datafield ind1=" " ind2=" " tag="590">
    <subfield code="a">ptp</subfield>
    <subfield code="2">Ethnologue 15 = ISO 639-3</subfield>
  </datafield>
  <datafield ind1=" " ind2="0" tag="650">
    <subfield code="a">Austronesian languages</subfield>
    <subfield code="x">Phonology.</subfield>
  </datafield>
  <datafield ind1=" " ind2="0" tag="650">
    <subfield code="a">Oceanic languages</subfield>
    <subfield code="x">Phonology.</subfield>
  </datafield>
  <datafield ind1=" " ind2="0" tag="650">
    <subfield code="a">Melanesian languages</subfield>
    <subfield code="x">Phonology.</subfield>
  </datafield>
  <datafield ind1=" " ind2="0" tag="651">
    <subfield code="a">Papua New Guinea</subfield>
    <subfield code="x">Languages.</subfield>
  </datafield>
  <datafield ind1="2" ind2=" " tag="710">
    <subfield code="a">Summer Institute of Linguistics.</subfield>
    <subfield code="b">Papua New Guinea Branch.</subfield>
  </datafield>
  <datafield ind1="4" ind2=" " tag="856">
    <subfield code="2">http</subfield>
    <subfield code="a">www.sil.org</subfield>
    <subfield code="u">http://www.sil.org/pacific/png/png_pubs.asp?pubs=online&amp;by=title</subfield>
  </datafield>
  <datafield ind1=" " ind2=" " tag="035">
    <subfield code="a">(TxDaGIAL)37741100035006</subfield>
  </datafield>
  <controlfield tag="005">20080624172823.0</controlfield>
  <controlfield tag="001">28719</controlfield>
  <controlfield tag="003">TxDaGIAL</controlfield>
  <datafield ind1=" " ind2=" " tag="852">
    <subfield code="p">37741100035006</subfield>
    <subfield code="a">Library</subfield>
    <subfield code="9">$0.00</subfield>
    <subfield code="x">FUND:Gift</subfield>
    <subfield code="x">COPYID:35876</subfield>
    <subfield code="x">FSC@aRegular@c20070913</subfield>
    <subfield code="h">499.1205 W926d vol.40 1993</subfield>
    <subfield code="z">Gift Karl J. Franklin 10-02</subfield>
  </datafield>
</record>