
<?xml version="1.0"?>
<record>
  <leader>02107nam a2200469 a 4500</leader>
  <controlfield tag="008">970415s1986    pp            000 0 eng d</controlfield>
  <datafield ind1=" " ind2=" " tag="020">
    <subfield code="a">9980002441 (v. 32)</subfield>
  </datafield>
  <datafield ind1=" " ind2=" " tag="020">
    <subfield code="a">9980004517 (v. 33)</subfield>
  </datafield>
  <datafield ind1=" " ind2=" " tag="020">
    <subfield code="a">9980003405 (v. 34)</subfield>
  </datafield>
  <datafield ind1=" " ind2=" " tag="040">
    <subfield code="a">TxDaGIAL</subfield>
    <subfield code="c">TxDaGIAL</subfield>
  </datafield>
  <datafield ind1="0" ind2=" " tag="041">
    <subfield code="a">engpaamap</subfield>
  </datafield>
  <datafield ind1="0" ind2="4" tag="082">
    <subfield code="a">499.12/05</subfield>
    <subfield code="2">22</subfield>
  </datafield>
  <datafield ind1="0" ind2=" " tag="082">
    <subfield code="a">499.5</subfield>
    <subfield code="2">22</subfield>
  </datafield>
  <datafield ind1="0" ind2="0" tag="245">
    <subfield code="a">Data papers on Papua New Guinea languages.</subfield>
    <subfield code="n">vol. 32-34.</subfield>
  </datafield>
  <datafield ind1=" " ind2=" " tag="260">
    <subfield code="a">Ukarumpa, Papua New Guinea :</subfield>
    <subfield code="b">Summer Institute of Linguistics,</subfield>
    <subfield code="c">1986-87.</subfield>
  </datafield>
  <datafield ind1=" " ind2=" " tag="300">
    <subfield code="a">3 v. bound in one ;</subfield>
    <subfield code="c">23 cm.</subfield>
  </datafield>
  <datafield ind1=" " ind2=" " tag="500">
    <subfield code="a">Some available online. Requires Adobe Acrobat.</subfield>
  </datafield>
  <datafield ind1=" " ind2=" " tag="500">
    <subfield code="a">Continuation of the series formerly titled, Workpapers in Papua New Guinea Languages.</subfield>
  </datafield>
  <datafield ind1="0" ind2=" " tag="505">
    <subfield code="a">vol. 32. Halia grammar / Jerry and Jan Allen -- vol. 33. Studies in Melanesian orthographies / edited by John M. Clifton -- vol. 34. A teaching grammar of the Manam language / Blaine Turner.</subfield>
  </datafield>
  <datafield ind1=" " ind2=" " tag="500">
    <subfield code="a">Vols. 33 and 34 also available as individual volumes.</subfield>
  </datafield>
  <datafield ind1=" " ind2=" " tag="510">
    <subfield code="a">Indexed in SIL Bibliography</subfield>
  </datafield>
  <datafield ind1=" " ind2=" " tag="546">
    <subfield code="a">In English, with frequent interlinear text in Halia and Manam, two Malayo-Polynesian languages of Papua New Guinea, and other languages of Papua New Guinea and New Caledonia.</subfield>
  </datafield>
  <datafield ind1=" " ind2=" " tag="590">
    <subfield code="a">hla</subfield>
    <subfield code="2">Ethnologue 15 = ISO 639-3</subfield>
  </datafield>
  <datafield ind1=" " ind2=" " tag="590">
    <subfield code="a">mva</subfield>
    <subfield code="2">Ethnologue 15 = ISO 639-3</subfield>
  </datafield>
  <datafield ind1=" " ind2="0" tag="650">
    <subfield code="a">Halia language</subfield>
    <subfield code="x">Grammar.</subfield>
  </datafield>
  <datafield ind1=" " ind2="0" tag="650">
    <subfield code="a">Melanesian languages</subfield>
    <subfield code="x">Orthography and spelling.</subfield>
  </datafield>
  <datafield ind1=" " ind2="0" tag="651">
    <subfield code="a">Papua New Guinea</subfield>
    <subfield code="x">Languages.</subfield>
  </datafield>
  <datafield ind1=" " ind2="0" tag="651">
    <subfield code="a">New Caledonia</subfield>
    <subfield code="x">Languages.</subfield>
  </datafield>
  <datafield ind1=" " ind2="0" tag="650">
    <subfield code="a">Manam language</subfield>
    <subfield code="x">Grammar.</subfield>
  </datafield>
  <datafield ind1="1" ind2="0" tag="700">
    <subfield code="a">Allen, Jerry.</subfield>
  </datafield>
  <datafield ind1="1" ind2="0" tag="700">
    <subfield code="a">Allen, Janice,</subfield>
    <subfield code="d">1946-</subfield>
  </datafield>
  <datafield ind1="1" ind2="0" tag="700">
    <subfield code="a">Clifton, John M.</subfield>
  </datafield>
  <datafield ind1="1" ind2="0" tag="700">
    <subfield code="a">Turner, Blaine.</subfield>
  </datafield>
  <datafield ind1="0" ind2="1" tag="740">
    <subfield code="a">Halia grammar.</subfield>
  </datafield>
  <datafield ind1="0" ind2="1" tag="740">
    <subfield code="a">Studies in Melanesian orthographies.</subfield>
  </datafield>
  <datafield ind1="2" ind2="1" tag="740">
    <subfield code="a">A teaching grammar of the Manam language.</subfield>
  </datafield>
  <datafield ind1=" " ind2=" " tag="856">
    <subfield code="2">http</subfield>
    <subfield code="a">www.sil.org</subfield>
    <subfield code="u">http://www.sil.org/pacific/png/png_pubs.asp?pubs=online&amp;by=title</subfield>
  </datafield>
  <datafield ind1=" " ind2=" " tag="035">
    <subfield code="a">(TxDaGIAL)37741100016824</subfield>
  </datafield>
  <controlfield tag="005">20080624172824.0</controlfield>
  <controlfield tag="001">28724</controlfield>
  <controlfield tag="003">TxDaGIAL</controlfield>
  <datafield ind1=" " ind2=" " tag="852">
    <subfield code="p">37741100016824</subfield>
    <subfield code="a">Library</subfield>
    <subfield code="x">COPYID:35881</subfield>
    <subfield code="x">FSC@aRegular@c19970416</subfield>
    <subfield code="h">499.1205 W926d v.32-34 1986</subfield>
    <subfield code="z">s.o.</subfield>
  </datafield>
</record>