
<?xml version="1.0"?>
<record>
  <leader>01579cam a2200373 a 4500</leader>
  <controlfield tag="008">930122s1989    pp       b    000 0 eng d</controlfield>
  <datafield ind1=" " ind2=" " tag="010">
    <subfield code="a">   90227755</subfield>
  </datafield>
  <datafield ind1=" " ind2=" " tag="020">
    <subfield code="a">998000505X</subfield>
  </datafield>
  <datafield ind1=" " ind2=" " tag="035">
    <subfield code="a">(OCoLC)20653288</subfield>
  </datafield>
  <datafield ind1=" " ind2=" " tag="040">
    <subfield code="a">WU</subfield>
    <subfield code="c">WU</subfield>
    <subfield code="d">DLC</subfield>
    <subfield code="d">TxDaGIAL</subfield>
  </datafield>
  <datafield ind1="0" ind2=" " tag="041">
    <subfield code="a">engpaa</subfield>
  </datafield>
  <datafield ind1=" " ind2=" " tag="042">
    <subfield code="a">lccopycat</subfield>
  </datafield>
  <datafield ind1="0" ind2="4" tag="050">
    <subfield code="a">PL6621.B38</subfield>
    <subfield code="b">L55 1989</subfield>
  </datafield>
  <datafield ind1="0" ind2="4" tag="082">
    <subfield code="a">499.12/05</subfield>
    <subfield code="2">22</subfield>
  </datafield>
  <datafield ind1="1" ind2=" " tag="100">
    <subfield code="a">Lloyd, Richard.</subfield>
  </datafield>
  <datafield ind1="1" ind2="0" tag="245">
    <subfield code="a">Bound and minor words in Baruya /</subfield>
    <subfield code="c">Richard Lloyd.</subfield>
  </datafield>
  <datafield ind1=" " ind2=" " tag="260">
    <subfield code="a">Ukarumpa via Lae, Papua New Guinea :</subfield>
    <subfield code="b">Summer Institute of Linguistics,</subfield>
    <subfield code="c">1989.</subfield>
  </datafield>
  <datafield ind1=" " ind2=" " tag="300">
    <subfield code="a">vi, 143, [6] p. ;</subfield>
    <subfield code="c">21 cm.</subfield>
  </datafield>
  <datafield ind1="1" ind2=" " tag="490">
    <subfield code="a">Datapapers in Papua New Guinea languages ;</subfield>
    <subfield code="v">v. 35</subfield>
  </datafield>
  <datafield ind1=" " ind2=" " tag="500">
    <subfield code="a">Available online.  Requires Adobe Acrobat.  1001 KB, 147 pp</subfield>
  </datafield>
  <datafield ind1=" " ind2=" " tag="504">
    <subfield code="a">Includes bibliographical references (p. [149])</subfield>
  </datafield>
  <datafield ind1=" " ind2=" " tag="546">
    <subfield code="a">In English with frequent interlinear text in Baruya, a Trans-New Guinea language of Papua New Guinea.</subfield>
  </datafield>
  <datafield ind1=" " ind2=" " tag="590">
    <subfield code="a">byr</subfield>
    <subfield code="2">Ethnologue 15 = ISO 639-3</subfield>
  </datafield>
  <datafield ind1=" " ind2="0" tag="650">
    <subfield code="a">Baruya language</subfield>
    <subfield code="x">Word formation.</subfield>
  </datafield>
  <datafield ind1=" " ind2="0" tag="650">
    <subfield code="a">Papuan languages</subfield>
    <subfield code="x">Grammar.</subfield>
  </datafield>
  <datafield ind1=" " ind2="0" tag="651">
    <subfield code="a">Papua New Guinea</subfield>
    <subfield code="x">Languages.</subfield>
  </datafield>
  <datafield ind1="2" ind2=" " tag="710">
    <subfield code="a">Summer Institute of Linguistics.</subfield>
    <subfield code="b">Papua New Guinea Branch.</subfield>
  </datafield>
  <datafield ind1=" " ind2="0" tag="830">
    <subfield code="a">Data papers on Papua New Guinea languages ;</subfield>
    <subfield code="v">v. 35.</subfield>
  </datafield>
  <datafield ind1=" " ind2=" " tag="856">
    <subfield code="2">http</subfield>
    <subfield code="a">www.sil.org</subfield>
    <subfield code="u">http://www.sil.org/pacific/png/pubs/22370/Vol35_Bound_&amp;_Minor_Words_Baruya.pdf</subfield>
  </datafield>
  <datafield ind1=" " ind2=" " tag="035">
    <subfield code="a">(TxDaGIAL)37741100034995</subfield>
  </datafield>
  <controlfield tag="005">20080624172854.0</controlfield>
  <controlfield tag="001">28906</controlfield>
  <controlfield tag="003">TxDaGIAL</controlfield>
  <datafield ind1=" " ind2=" " tag="852">
    <subfield code="p">37741100034995</subfield>
    <subfield code="a">Library</subfield>
    <subfield code="9">$0.00</subfield>
    <subfield code="x">FUND:Gift</subfield>
    <subfield code="x">COPYID:36086</subfield>
    <subfield code="x">FSC@aRegular@c20070913</subfield>
    <subfield code="h">499.1205 W926d vol.35 1989</subfield>
    <subfield code="z">Gift Karl J. Franklin 8-07</subfield>
  </datafield>
</record>