
<?xml version="1.0"?>
<record>
  <leader>01703cam a2200337 a 4500</leader>
  <controlfield tag="008">070430s2007    at ab    b    001 0 eng  </controlfield>
  <datafield ind1=" " ind2=" " tag="020">
    <subfield code="a">9780858835740 (pbk.)</subfield>
  </datafield>
  <datafield ind1=" " ind2=" " tag="037">
    <subfield code="b">RSPAS, The Australian National University, Canberra ACT 0200</subfield>
  </datafield>
  <datafield ind1=" " ind2=" " tag="040">
    <subfield code="a">ANL</subfield>
    <subfield code="b">eng</subfield>
    <subfield code="d">ANL</subfield>
    <subfield code="d">TxDaGIAL</subfield>
  </datafield>
  <datafield ind1="1" ind2=" " tag="041">
    <subfield code="a">engmap</subfield>
  </datafield>
  <datafield ind1=" " ind2=" " tag="042">
    <subfield code="a">anuc</subfield>
  </datafield>
  <datafield ind1=" " ind2=" " tag="043">
    <subfield code="a">a-pp---</subfield>
  </datafield>
  <datafield ind1="0" ind2="4" tag="082">
    <subfield code="a">499.12</subfield>
    <subfield code="2">22</subfield>
  </datafield>
  <datafield ind1="0" ind2="4" tag="082">
    <subfield code="a">499.5/3</subfield>
    <subfield code="2">22 expanded</subfield>
  </datafield>
  <datafield ind1="1" ind2=" " tag="100">
    <subfield code="a">Eckermann, W</subfield>
    <subfield code="q">(William)</subfield>
  </datafield>
  <datafield ind1="1" ind2="2" tag="245">
    <subfield code="a">A descriptive grammar of the Bukawa language of the Morobe Province of Papua New Guinea /</subfield>
    <subfield code="c">W. Eckermann.</subfield>
  </datafield>
  <datafield ind1=" " ind2=" " tag="260">
    <subfield code="a">Canberra :</subfield>
    <subfield code="b">Pacific Linguistics,</subfield>
    <subfield code="c">2007.</subfield>
  </datafield>
  <datafield ind1=" " ind2=" " tag="300">
    <subfield code="a">xiv, 225 p. :</subfield>
    <subfield code="b">ill., 1 map ;</subfield>
    <subfield code="c">25 cm.</subfield>
  </datafield>
  <datafield ind1=" " ind2=" " tag="504">
    <subfield code="a">Includes bibliographical references (p. 223) and index.</subfield>
  </datafield>
  <datafield ind1=" " ind2=" " tag="520">
    <subfield code="a">"The Bukawa language is an Austronesian language which is spoken by coastal inhabitants of the Huon Peninsula in the Morobe Province of Papua New Guinea. The Bukawa villages are all situated on the coastal plain of the Huon Peninsula. This book represents an analysis of the grammar of the Bukawa language of Papua New Guinea" -- Back cover.</subfield>
  </datafield>
  <datafield ind1=" " ind2=" " tag="546">
    <subfield code="a">Text in English with frequent interlinear text in Bugawac, a Malayo-Polynesian language of Papua New Guinea.</subfield>
  </datafield>
  <datafield ind1=" " ind2=" " tag="590">
    <subfield code="a">buk</subfield>
    <subfield code="2">Ethnologue 15 - ISO 639-3</subfield>
  </datafield>
  <datafield ind1=" " ind2=" " tag="590">
    <subfield code="a">GIAL-affiliated circulation only.</subfield>
  </datafield>
  <datafield ind1=" " ind2="0" tag="650">
    <subfield code="a">Bukawa language</subfield>
    <subfield code="x">Grammar.</subfield>
  </datafield>
  <datafield ind1=" " ind2="0" tag="650">
    <subfield code="a">Melanesian languages</subfield>
    <subfield code="x">Grammar.</subfield>
  </datafield>
  <datafield ind1=" " ind2="0" tag="651">
    <subfield code="a">Papua New Guinea</subfield>
    <subfield code="x">Languages.</subfield>
  </datafield>
  <datafield ind1=" " ind2=" " tag="035">
    <subfield code="a">(TxDaGIAL)37741100035023</subfield>
  </datafield>
  <controlfield tag="005">20080624172904.0</controlfield>
  <controlfield tag="001">28946</controlfield>
  <controlfield tag="003">TxDaGIAL</controlfield>
  <datafield ind1=" " ind2=" " tag="852">
    <subfield code="p">37741100035023</subfield>
    <subfield code="a">Library</subfield>
    <subfield code="9">$32.26</subfield>
    <subfield code="x">FUND:M. Langs</subfield>
    <subfield code="x">COPYID:36131</subfield>
    <subfield code="x">FSC@aBOOK-LOCAL@c20070926</subfield>
    <subfield code="h">499.53 E19d 2007</subfield>
    <subfield code="z">Direct  Australian National University st.o. 9-07</subfield>
  </datafield>
</record>