
<?xml version="1.0"?>
<record>
  <leader>02478cam a2200373 a 4500</leader>
  <controlfield tag="008">070418s2007    at ab    b    001 0 eng  </controlfield>
  <datafield ind1=" " ind2=" " tag="020">
    <subfield code="a">9780858835733 (pbk.)</subfield>
  </datafield>
  <datafield ind1=" " ind2=" " tag="037">
    <subfield code="b">RSPAS, The Australian National University Canberra ACT 0200</subfield>
  </datafield>
  <datafield ind1=" " ind2=" " tag="040">
    <subfield code="a">ANL</subfield>
    <subfield code="b">eng</subfield>
    <subfield code="d">ANL</subfield>
    <subfield code="d">TxDaGIAL</subfield>
  </datafield>
  <datafield ind1="0" ind2=" " tag="041">
    <subfield code="a">engpaa</subfield>
  </datafield>
  <datafield ind1=" " ind2=" " tag="042">
    <subfield code="a">anuc</subfield>
  </datafield>
  <datafield ind1=" " ind2=" " tag="043">
    <subfield code="a">a-io---</subfield>
  </datafield>
  <datafield ind1="0" ind2="4" tag="082">
    <subfield code="a">499.122</subfield>
    <subfield code="2">22</subfield>
  </datafield>
  <datafield ind1="0" ind2="4" tag="082">
    <subfield code="a">499.121</subfield>
    <subfield code="2">22 expanded</subfield>
  </datafield>
  <datafield ind1="1" ind2=" " tag="100">
    <subfield code="a">Dol, Philomena Hedwig,</subfield>
    <subfield code="d">1966-</subfield>
  </datafield>
  <datafield ind1="1" ind2="2" tag="245">
    <subfield code="a">A grammar of Maybrat :</subfield>
    <subfield code="b">a language of the Bird's Head Peninsula, Papua Province, Indonesia /</subfield>
    <subfield code="c">Philomena Dol.</subfield>
  </datafield>
  <datafield ind1=" " ind2=" " tag="260">
    <subfield code="a">Canberra, A.C.T. :</subfield>
    <subfield code="b">Pacific Linguistics,</subfield>
    <subfield code="c">2007.</subfield>
  </datafield>
  <datafield ind1=" " ind2=" " tag="300">
    <subfield code="a">xvii, 328 p. :</subfield>
    <subfield code="b">ill., maps ;</subfield>
    <subfield code="c">25 cm.</subfield>
  </datafield>
  <datafield ind1=" " ind2="0" tag="440">
    <subfield code="a">Pacific linguistics ;</subfield>
    <subfield code="v">586</subfield>
  </datafield>
  <datafield ind1=" " ind2=" " tag="500">
    <subfield code="a">"An earlier version of this work was submitted as a doctoral dissertation at the University of Leiden, and was defended on September 15, 1999." -- p. x.</subfield>
  </datafield>
  <datafield ind1=" " ind2=" " tag="504">
    <subfield code="a">Includes bibliographical references (p. 320-324) and index.</subfield>
  </datafield>
  <datafield ind1=" " ind2=" " tag="546">
    <subfield code="a">In English with frequent interlinear text in Mai Brat, a West Papuan language of Papua Province, Indonesia.</subfield>
  </datafield>
  <datafield ind1=" " ind2=" " tag="520">
    <subfield code="a">"Maybrat is a Papuan language which is spoken in the central area of the Bird's Head Peninsula, Papua Province, Indonesia. Despite the fact that it is one of the larger local languages in Papua Province in terms of numbers of speakers, a comprehensive grammar on this language has hitherto not been published. This book aims to give an overview of the phonology, morphology and syntax of the Maybrat language as it is spoken by the people of Ayawasi. Ideally, this work can be used as a reference grammar: it gives information about the most important structural and typological aspects of Maybrat. With this in mind, the grammar is full of illustrative examples centred around contrasts in form and meaning, which are discussed in the text." -- Back cover.</subfield>
  </datafield>
  <datafield ind1=" " ind2=" " tag="590">
    <subfield code="a">ayz</subfield>
    <subfield code="2">Ethnologue 15 = ISO 639-3</subfield>
  </datafield>
  <datafield ind1=" " ind2=" " tag="590">
    <subfield code="a">GIAL-affiliated circulation only.</subfield>
  </datafield>
  <datafield ind1=" " ind2="0" tag="650">
    <subfield code="a">Mai Brat language</subfield>
    <subfield code="x">Grammar.</subfield>
  </datafield>
  <datafield ind1=" " ind2="0" tag="650">
    <subfield code="a">Papuan languages</subfield>
    <subfield code="x">Grammar.</subfield>
  </datafield>
  <datafield ind1=" " ind2="0" tag="651">
    <subfield code="a">Papua (Indonesia)</subfield>
    <subfield code="x">Languages</subfield>
    <subfield code="x">Grammar.</subfield>
  </datafield>
  <datafield ind1="2" ind2=" " tag="710">
    <subfield code="a">Australian National University.</subfield>
    <subfield code="b">Research School of Pacific and Asian Studies.</subfield>
    <subfield code="b">Pacific Linguistics.</subfield>
  </datafield>
  <datafield ind1=" " ind2=" " tag="035">
    <subfield code="a">(TxDaGIAL)37741100035024</subfield>
  </datafield>
  <controlfield tag="005">20080624172904.0</controlfield>
  <controlfield tag="001">28947</controlfield>
  <controlfield tag="003">TxDaGIAL</controlfield>
  <datafield ind1=" " ind2=" " tag="852">
    <subfield code="p">37741100035024</subfield>
    <subfield code="a">Library</subfield>
    <subfield code="9">$38.85</subfield>
    <subfield code="x">FUND:M. Langs</subfield>
    <subfield code="x">COPYID:36132</subfield>
    <subfield code="x">FSC@aBOOK-LOCAL@c20070926</subfield>
    <subfield code="h">499.121 D659g 2007</subfield>
    <subfield code="z">Direct Australian National University st.o. 9-07</subfield>
  </datafield>
</record>