
<?xml version="1.0"?>
<record>
  <leader>02107cam a2200385 a 4500</leader>
  <controlfield tag="008">070418s2007    at ab    b    000 0 eng  </controlfield>
  <datafield ind1=" " ind2=" " tag="020">
    <subfield code="a">9780858835672 (pbk.)</subfield>
  </datafield>
  <datafield ind1=" " ind2=" " tag="037">
    <subfield code="b">RSPAS, The Australian National University Canberra ACT 0200</subfield>
  </datafield>
  <datafield ind1=" " ind2=" " tag="040">
    <subfield code="a">ANL</subfield>
    <subfield code="b">eng</subfield>
    <subfield code="d">ANL</subfield>
    <subfield code="d">TxDaGIAL</subfield>
  </datafield>
  <datafield ind1="0" ind2=" " tag="041">
    <subfield code="a">engaus</subfield>
  </datafield>
  <datafield ind1=" " ind2=" " tag="042">
    <subfield code="a">anuc</subfield>
  </datafield>
  <datafield ind1=" " ind2=" " tag="043">
    <subfield code="a">u-at-qn</subfield>
  </datafield>
  <datafield ind1="0" ind2="4" tag="082">
    <subfield code="a">499.152</subfield>
    <subfield code="2">22</subfield>
  </datafield>
  <datafield ind1="0" ind2="4" tag="082">
    <subfield code="a">499.15/2</subfield>
    <subfield code="2">22 expanded</subfield>
  </datafield>
  <datafield ind1="1" ind2=" " tag="100">
    <subfield code="a">Breen, Gavan.</subfield>
  </datafield>
  <datafield ind1="1" ind2="4" tag="245">
    <subfield code="a">The grammar of Yalarnnga :</subfield>
    <subfield code="b">a language of western Queensland /</subfield>
    <subfield code="c">Gavan Breen and Barry J. Blake.</subfield>
  </datafield>
  <datafield ind1=" " ind2=" " tag="260">
    <subfield code="a">Canberra, A.C.T. :</subfield>
    <subfield code="b">Pacific Linguistics,</subfield>
    <subfield code="c">2007.</subfield>
  </datafield>
  <datafield ind1=" " ind2=" " tag="300">
    <subfield code="a">xi, 120 p. :</subfield>
    <subfield code="b">ill., 1 map ;</subfield>
    <subfield code="c">25 cm.</subfield>
  </datafield>
  <datafield ind1=" " ind2="0" tag="440">
    <subfield code="a">Pacific linguistics ;</subfield>
    <subfield code="v">584</subfield>
  </datafield>
  <datafield ind1=" " ind2=" " tag="504">
    <subfield code="a">Includes bibliographical references (p. 118-120)</subfield>
  </datafield>
  <datafield ind1=" " ind2=" " tag="520">
    <subfield code="a">"The Yalarnnga language is a fairly typical language of the Pama-Nyungan type, at least of the type that lacks bound pronouns. Yalarnnga shares a lot of lexical items with its northern neighbour, Kalkutungu, and diffusion is likely to be responsible. The two languages also share a number of affixes, some widespread and some distinctive, but there is not enough evidence to claim the two languages form a subgroup. The two languages may constitute a relic area"-- p. 1.</subfield>
  </datafield>
  <datafield ind1=" " ind2=" " tag="546">
    <subfield code="a">In English, with frequent interlinear text in Yalarnnga, and occasional terms in Kalkutung, both Pama-Nyungan languages (now extinct)</subfield>
  </datafield>
  <datafield ind1=" " ind2=" " tag="590">
    <subfield code="a">ylr</subfield>
    <subfield code="2">Ethnologue 15 = ISO 639-3</subfield>
  </datafield>
  <datafield ind1=" " ind2=" " tag="590">
    <subfield code="a">ktg</subfield>
    <subfield code="2">Ethnologue 15 = ISO 639-3</subfield>
  </datafield>
  <datafield ind1=" " ind2=" " tag="590">
    <subfield code="a">GIAL-affiliated circulation only.</subfield>
  </datafield>
  <datafield ind1=" " ind2="0" tag="650">
    <subfield code="a">Yalarnnga language</subfield>
    <subfield code="x">Grammar.</subfield>
  </datafield>
  <datafield ind1=" " ind2="0" tag="650">
    <subfield code="a">Pama-Nyungan languages</subfield>
    <subfield code="x">Grammar.</subfield>
  </datafield>
  <datafield ind1=" " ind2="0" tag="650">
    <subfield code="a">Australian languages</subfield>
    <subfield code="z">Queensland, Western</subfield>
    <subfield code="x">Grammar.</subfield>
  </datafield>
  <datafield ind1="1" ind2=" " tag="700">
    <subfield code="a">Blake, Barry J.</subfield>
  </datafield>
  <datafield ind1="2" ind2=" " tag="710">
    <subfield code="a">Australian National University.</subfield>
    <subfield code="b">Research School of Pacific and Asian Studies.</subfield>
    <subfield code="b">Pacific Linguistics.</subfield>
  </datafield>
  <datafield ind1=" " ind2=" " tag="035">
    <subfield code="a">(TxDaGIAL)37741100035025</subfield>
  </datafield>
  <controlfield tag="005">20080624172904.0</controlfield>
  <controlfield tag="001">28948</controlfield>
  <controlfield tag="003">TxDaGIAL</controlfield>
  <datafield ind1=" " ind2=" " tag="852">
    <subfield code="p">37741100035025</subfield>
    <subfield code="a">Library</subfield>
    <subfield code="9">$20.75</subfield>
    <subfield code="x">FUND:M. Langs</subfield>
    <subfield code="x">COPYID:36133</subfield>
    <subfield code="x">FSC@aBOOK-LOCAL@c20070926</subfield>
    <subfield code="h">499.152 B832g 2007</subfield>
    <subfield code="z">Direct Australian National University st.o. 9-07</subfield>
  </datafield>
</record>