
<?xml version="1.0"?>
<record>
  <leader>01305cam a2200325 a 4500</leader>
  <controlfield tag="008">060413s2006    at a     b    000 0 eng d</controlfield>
  <datafield ind1=" " ind2=" " tag="020">
    <subfield code="a">0858835681</subfield>
  </datafield>
  <datafield ind1=" " ind2=" " tag="020">
    <subfield code="a">9780858835689</subfield>
  </datafield>
  <datafield ind1=" " ind2=" " tag="035">
    <subfield code="a">(OCoLC)83976286</subfield>
  </datafield>
  <datafield ind1=" " ind2=" " tag="040">
    <subfield code="a">EQO</subfield>
    <subfield code="c">EQO</subfield>
    <subfield code="d">SUC</subfield>
    <subfield code="d">AZU</subfield>
    <subfield code="d">TxDaGIAL</subfield>
  </datafield>
  <datafield ind1="1" ind2=" " tag="041">
    <subfield code="a">engmkh</subfield>
  </datafield>
  <datafield ind1=" " ind2=" " tag="043">
    <subfield code="a">a-vt---</subfield>
  </datafield>
  <datafield ind1="0" ind2="4" tag="082">
    <subfield code="a">495.9/3</subfield>
    <subfield code="2">22</subfield>
  </datafield>
  <datafield ind1="1" ind2=" " tag="100">
    <subfield code="a">Alves, Mark J.</subfield>
  </datafield>
  <datafield ind1="1" ind2="2" tag="245">
    <subfield code="a">A grammar of Pacoh :</subfield>
    <subfield code="b">a Mon-Khmer language of the central highlands of Vietnam /</subfield>
    <subfield code="c">Mark J. Alves.</subfield>
  </datafield>
  <datafield ind1=" " ind2=" " tag="260">
    <subfield code="a">Canberra :</subfield>
    <subfield code="b">Pacific Linguistics, Research School of Pacific and Asian Studies, the Australian National University,</subfield>
    <subfield code="c">2006.</subfield>
  </datafield>
  <datafield ind1=" " ind2=" " tag="300">
    <subfield code="a">xii, 129 p. :</subfield>
    <subfield code="b">ill. ;</subfield>
    <subfield code="c">25 cm.</subfield>
  </datafield>
  <datafield ind1=" " ind2="0" tag="440">
    <subfield code="a">Pacific linguistics ;</subfield>
    <subfield code="v">580</subfield>
  </datafield>
  <datafield ind1=" " ind2=" " tag="504">
    <subfield code="a">Includes bibliographical references (p. 125-129)</subfield>
  </datafield>
  <datafield ind1=" " ind2=" " tag="590">
    <subfield code="a">pac</subfield>
    <subfield code="2">Ethnologue 15 = ISO 639-3</subfield>
  </datafield>
  <datafield ind1=" " ind2=" " tag="590">
    <subfield code="a">GIAL-affiliated circulation only.</subfield>
  </datafield>
  <datafield ind1=" " ind2="0" tag="650">
    <subfield code="a">Pacoh language</subfield>
    <subfield code="x">Grammar.</subfield>
  </datafield>
  <datafield ind1=" " ind2="0" tag="650">
    <subfield code="a">Mon-Khmer languages</subfield>
    <subfield code="z">Vietnam</subfield>
    <subfield code="x">Grammar.</subfield>
  </datafield>
  <datafield ind1=" " ind2="0" tag="651">
    <subfield code="a">Vietnam</subfield>
    <subfield code="x">Languages.</subfield>
  </datafield>
  <datafield ind1="2" ind2=" " tag="710">
    <subfield code="a">Australian National University.</subfield>
    <subfield code="b">Pacific Linguistics.</subfield>
  </datafield>
  <datafield ind1=" " ind2=" " tag="035">
    <subfield code="a">(TxDaGIAL)37741100034688</subfield>
  </datafield>
  <controlfield tag="005">20080624172905.0</controlfield>
  <controlfield tag="001">28951</controlfield>
  <controlfield tag="003">TxDaGIAL</controlfield>
  <datafield ind1=" " ind2=" " tag="852">
    <subfield code="p">37741100034688</subfield>
    <subfield code="a">Library</subfield>
    <subfield code="9">$21.74</subfield>
    <subfield code="x">FUND:M. Langs</subfield>
    <subfield code="x">COPYID:36136</subfield>
    <subfield code="x">FSC@aBOOK-LOCAL@c20070423</subfield>
    <subfield code="h">495.93 A474g 2006</subfield>
    <subfield code="z">Direct st.o. Australian National University 3-07</subfield>
  </datafield>
</record>