
<?xml version="1.0"?>
<record>
  <leader>01561nam a2200361 a 4500</leader>
  <controlfield tag="008">061106s2006    at ab    b    000 0 eng d</controlfield>
  <datafield ind1=" " ind2=" " tag="020">
    <subfield code="a">0858835649</subfield>
  </datafield>
  <datafield ind1=" " ind2=" " tag="040">
    <subfield code="a">TxDaGIAL</subfield>
    <subfield code="c">TxDaGIAL</subfield>
  </datafield>
  <datafield ind1="1" ind2=" " tag="041">
    <subfield code="a">engmapbis</subfield>
  </datafield>
  <datafield ind1="0" ind2="4" tag="082">
    <subfield code="a">499.5/95</subfield>
    <subfield code="2">22</subfield>
  </datafield>
  <datafield ind1="1" ind2=" " tag="100">
    <subfield code="a">Crowley, Terry.</subfield>
  </datafield>
  <datafield ind1="1" ind2="4" tag="245">
    <subfield code="a">The Avava language of central Malakula (Vanuatu) /</subfield>
    <subfield code="c">Terry Crowley, ed. by John Lynch.</subfield>
  </datafield>
  <datafield ind1=" " ind2=" " tag="260">
    <subfield code="a">Canberra :</subfield>
    <subfield code="b">Pacific Linguistics,</subfield>
    <subfield code="c">2006.</subfield>
  </datafield>
  <datafield ind1=" " ind2=" " tag="300">
    <subfield code="a">xvi, 213 p. :</subfield>
    <subfield code="b">ill. (some col.), maps ;</subfield>
    <subfield code="c">25 cm.</subfield>
  </datafield>
  <datafield ind1=" " ind2="0" tag="440">
    <subfield code="a">Pacific linguistics ;</subfield>
    <subfield code="v">574</subfield>
  </datafield>
  <datafield ind1=" " ind2=" " tag="504">
    <subfield code="a">Includes bibliographical references (p. 212-213)</subfield>
  </datafield>
  <datafield ind1=" " ind2=" " tag="546">
    <subfield code="a">English with interlinear text in Avava (Katbol) language,  and occasional parallel terms in Neve'ei (Vinmavis), Naman (Litzlitz), or Bislama.</subfield>
  </datafield>
  <datafield ind1=" " ind2=" " tag="590">
    <subfield code="a">tmb</subfield>
    <subfield code="2">Ethnologue 15 = ISO/DIS 639-3.</subfield>
  </datafield>
  <datafield ind1=" " ind2=" " tag="590">
    <subfield code="a">vnm</subfield>
    <subfield code="2">Ethnologue 15 = ISO/DIS 639-3.</subfield>
  </datafield>
  <datafield ind1=" " ind2=" " tag="590">
    <subfield code="a">lzl</subfield>
    <subfield code="2">Ethnologue 15 = ISO/DIS 639-3.</subfield>
  </datafield>
  <datafield ind1=" " ind2=" " tag="590">
    <subfield code="a">bis</subfield>
    <subfield code="2">Ethnologue 15 = ISO/DIS 639-3.</subfield>
  </datafield>
  <datafield ind1=" " ind2=" " tag="590">
    <subfield code="a">GIAL-affiliated circulation only.</subfield>
  </datafield>
  <datafield ind1=" " ind2="0" tag="650">
    <subfield code="a">Oceanic languages.</subfield>
  </datafield>
  <datafield ind1=" " ind2="0" tag="650">
    <subfield code="a">Melanesian languages.</subfield>
  </datafield>
  <datafield ind1=" " ind2="0" tag="651">
    <subfield code="a">Vanuatu</subfield>
    <subfield code="x">Languages.</subfield>
  </datafield>
  <datafield ind1=" " ind2="0" tag="651">
    <subfield code="a">Malekula (Vanuatu)</subfield>
    <subfield code="x">Languages.</subfield>
  </datafield>
  <datafield ind1="1" ind2=" " tag="700">
    <subfield code="a">Lynch, John,</subfield>
    <subfield code="d">1946-</subfield>
  </datafield>
  <datafield ind1="2" ind2=" " tag="710">
    <subfield code="a">Australian National University.</subfield>
    <subfield code="b">Research School of Pacific and Asian Studies.</subfield>
    <subfield code="b">Pacific Linguistics.</subfield>
  </datafield>
  <datafield ind1=" " ind2=" " tag="035">
    <subfield code="a">(TxDaGIAL)37741100034366</subfield>
  </datafield>
  <controlfield tag="005">20080624172906.0</controlfield>
  <controlfield tag="001">28957</controlfield>
  <controlfield tag="003">TxDaGIAL</controlfield>
  <datafield ind1=" " ind2=" " tag="852">
    <subfield code="p">37741100034366</subfield>
    <subfield code="a">Library</subfield>
    <subfield code="9">$25.54</subfield>
    <subfield code="x">FUND:M. Langs</subfield>
    <subfield code="x">COPYID:36142</subfield>
    <subfield code="x">FSC@aBOOK-LOCAL@c20061114</subfield>
    <subfield code="h">499.595 C953a 2006</subfield>
    <subfield code="z">Direct Australian National University 11-06</subfield>
  </datafield>
</record>