
<?xml version="1.0"?>
<record>
  <leader>01987cam a2200361 a 4500</leader>
  <controlfield tag="008">051024s2005    at       b    000 0 eng d</controlfield>
  <datafield ind1=" " ind2=" " tag="020">
    <subfield code="a">0858835495</subfield>
  </datafield>
  <datafield ind1=" " ind2=" " tag="035">
    <subfield code="a">(OCoLC)62139219</subfield>
  </datafield>
  <datafield ind1=" " ind2=" " tag="040">
    <subfield code="a">IXA</subfield>
    <subfield code="c">IXA</subfield>
    <subfield code="d">TxDaGIAL</subfield>
  </datafield>
  <datafield ind1="0" ind2=" " tag="041">
    <subfield code="a">engtai</subfield>
  </datafield>
  <datafield ind1="0" ind2="4" tag="082">
    <subfield code="a">495.919</subfield>
    <subfield code="2">22</subfield>
  </datafield>
  <datafield ind1=" " ind2=" " tag="090">
    <subfield code="a">PL4113</subfield>
    <subfield code="b">.M67 2005</subfield>
  </datafield>
  <datafield ind1="1" ind2=" " tag="100">
    <subfield code="a">Morey, Stephen.</subfield>
  </datafield>
  <datafield ind1="1" ind2="4" tag="245">
    <subfield code="a">The Tai languages of Assam--a grammar and texts /</subfield>
    <subfield code="c">Stephen Morey.</subfield>
  </datafield>
  <datafield ind1=" " ind2=" " tag="260">
    <subfield code="a">Canberra :</subfield>
    <subfield code="b">Pacific Linguistics, Research School of Pacific and Asian Studies, the Australian National University,</subfield>
    <subfield code="c">2005.</subfield>
  </datafield>
  <datafield ind1=" " ind2=" " tag="300">
    <subfield code="a">xxiii, 413 p. ;</subfield>
    <subfield code="c">25 cm. +</subfield>
    <subfield code="e">1 CD-ROM, 4 3/4 in.</subfield>
  </datafield>
  <datafield ind1=" " ind2="0" tag="440">
    <subfield code="a">Pacific linguistics ;</subfield>
    <subfield code="v">565</subfield>
  </datafield>
  <datafield ind1=" " ind2=" " tag="500">
    <subfield code="a">"First published 2005."</subfield>
  </datafield>
  <datafield ind1=" " ind2=" " tag="500">
    <subfield code="a">"This work is a revision of a PhD thesis completed at Monash University in 2002." -- p. xxi.</subfield>
  </datafield>
  <datafield ind1=" " ind2=" " tag="504">
    <subfield code="a">Includes bibliographical references (p. 403-413)</subfield>
  </datafield>
  <datafield ind1="8" ind2=" " tag="520">
    <subfield code="a">"...a comprehensive linguistic analysis of two endangered languages of Assam, Aiton and Phake, together with information about Tai Khamyang, a highly endangered variety.  Together with the book, there is a CD version of the linguistic analysis, linked to text files, sound files and photographs.  Every language example is linked to a sound file, and to a document file containing a full transcription of the text from which that example has come.[on CD version]" -- back cover.</subfield>
  </datafield>
  <datafield ind1=" " ind2=" " tag="546">
    <subfield code="a">English with frequent interlinear text in various languages and scripts.</subfield>
  </datafield>
  <datafield ind1=" " ind2=" " tag="590">
    <subfield code="a">aio</subfield>
    <subfield code="2">Ethnologue 15 = ISO/DIS 639-3</subfield>
  </datafield>
  <datafield ind1=" " ind2=" " tag="590">
    <subfield code="a">ksu</subfield>
    <subfield code="2">Ethnologue 15 = ISO/DIS 639-3</subfield>
  </datafield>
  <datafield ind1=" " ind2=" " tag="590">
    <subfield code="a">phk</subfield>
    <subfield code="2">Ethnologue 15 = ISO/DIS 639-3</subfield>
  </datafield>
  <datafield ind1=" " ind2=" " tag="590">
    <subfield code="a">GIAL-affiliated circualation only.</subfield>
  </datafield>
  <datafield ind1=" " ind2="0" tag="650">
    <subfield code="a">Tai languages</subfield>
    <subfield code="z">India</subfield>
    <subfield code="z">Assam</subfield>
    <subfield code="x">Grammar.</subfield>
  </datafield>
  <datafield ind1=" " ind2="0" tag="651">
    <subfield code="a">Assam (India)</subfield>
    <subfield code="x">Languages.</subfield>
  </datafield>
  <datafield ind1=" " ind2=" " tag="035">
    <subfield code="a">(TxDaGIAL)37741100029053</subfield>
  </datafield>
  <controlfield tag="005">20080624172907.0</controlfield>
  <controlfield tag="001">28959</controlfield>
  <controlfield tag="003">TxDaGIAL</controlfield>
  <datafield ind1=" " ind2=" " tag="852">
    <subfield code="p">37741100029053</subfield>
    <subfield code="a">Library</subfield>
    <subfield code="9">$68.19</subfield>
    <subfield code="x">FUND:M. Langs</subfield>
    <subfield code="x">COPYID:36144</subfield>
    <subfield code="x">FSC@aBOOK-LOCAL@c20051117</subfield>
    <subfield code="h">495.919 M845t 2005</subfield>
    <subfield code="z">Direct Pacific Linguistics st.o. 10-05</subfield>
  </datafield>
</record>