
<?xml version="1.0"?>
<record>
  <leader>02410cam a2200337 a 4500</leader>
  <controlfield tag="008">060306s2005    at a     b    000 0 eng  </controlfield>
  <datafield ind1=" " ind2=" " tag="010">
    <subfield code="a">  2006373284</subfield>
  </datafield>
  <datafield ind1=" " ind2=" " tag="020">
    <subfield code="a">0858835592</subfield>
  </datafield>
  <datafield ind1=" " ind2=" " tag="040">
    <subfield code="a">ANL</subfield>
    <subfield code="b">eng</subfield>
    <subfield code="c">DLC</subfield>
    <subfield code="d">TxDaGIAL</subfield>
  </datafield>
  <datafield ind1="0" ind2=" " tag="041">
    <subfield code="a">engbur</subfield>
  </datafield>
  <datafield ind1=" " ind2=" " tag="042">
    <subfield code="a">lccopycat</subfield>
  </datafield>
  <datafield ind1=" " ind2=" " tag="043">
    <subfield code="a">a-br---</subfield>
  </datafield>
  <datafield ind1="0" ind2="4" tag="082">
    <subfield code="a">495.8</subfield>
    <subfield code="2">22</subfield>
  </datafield>
  <datafield ind1="0" ind2="0" tag="245">
    <subfield code="a">Studies in Burmese linguistics /</subfield>
    <subfield code="c">edited by Justin Watkins.</subfield>
  </datafield>
  <datafield ind1=" " ind2=" " tag="260">
    <subfield code="a">Canberra :</subfield>
    <subfield code="b">Pacific Linguistics, Research School of Pacific and Asian Studies, Australian National University,</subfield>
    <subfield code="c">2005.</subfield>
  </datafield>
  <datafield ind1=" " ind2=" " tag="300">
    <subfield code="a">xxvi, 331 p :</subfield>
    <subfield code="b">ill. ;</subfield>
    <subfield code="c">25 cm.</subfield>
  </datafield>
  <datafield ind1=" " ind2="0" tag="440">
    <subfield code="a">Pacific linguistics ;</subfield>
    <subfield code="v">570</subfield>
  </datafield>
  <datafield ind1=" " ind2=" " tag="504">
    <subfield code="a">Includes bibliographical references (p. 319-331)</subfield>
  </datafield>
  <datafield ind1="8" ind2=" " tag="505">
    <subfield code="a">Dedication in honour of John Okell -- Word, foot and syllable structure in Burmese / Antony Dubach Green -- Constituent focus in Burmese: a phonetic and perceptual study / Andrew Simpson and Justin Watkins -- Reflexives in literary and Spoken Burmese / David Bradley -- Syntactic and morphological markers in Burmese: are they really optional? / Vadim B. Kassevitch -- The verb 'give' as a causativiser in colloquial Burmese / Kenji Okano -- Is the Myanmar language really tenseless? / Uta G&#xA9;&#xDE;rtner -- Towards a formal cognitive theory of grammatical aspect and its treatment in Burmese / F.K.L. Chit Hlaing -- Burmese as a modality-prominent language / Alice Vittrant -- Topicalisation in Burmese expository discourse / Paulette Hopple -- Discourse particles in Burmese / San San Hnin Tun -- Modern Burmese writings: an examination of the status of colloquial Burmese / Saw Tun -- Tense in Burmese: a diachronic account / Rudolf Yanson --  The structure of Pagan period Burmese / Toru Ohno -- The experience of writing the first German-Myanmar dictionary / Annemarie Esche</subfield>
  </datafield>
  <datafield ind1=" " ind2=" " tag="546">
    <subfield code="a">English with interlinear text in Burmese, in both Burmese script and transliteration.</subfield>
  </datafield>
  <datafield ind1=" " ind2=" " tag="590">
    <subfield code="a">mya</subfield>
    <subfield code="2">Ethnologue 15 = ISO/DIS 639-3</subfield>
  </datafield>
  <datafield ind1=" " ind2=" " tag="590">
    <subfield code="a">GIAL-affiliated circualtion only.</subfield>
  </datafield>
  <datafield ind1=" " ind2="0" tag="650">
    <subfield code="a">Burmese language.</subfield>
  </datafield>
  <datafield ind1=" " ind2="0" tag="651">
    <subfield code="a">Burma</subfield>
    <subfield code="x">Languages.</subfield>
  </datafield>
  <datafield ind1="1" ind2=" " tag="700">
    <subfield code="a">Watkins, Justin.</subfield>
  </datafield>
  <datafield ind1="2" ind2=" " tag="710">
    <subfield code="a">Australian National University.</subfield>
    <subfield code="b">Research School of Pacific and Asian Studies.</subfield>
    <subfield code="b">Pacific Linguistics.</subfield>
  </datafield>
  <datafield ind1=" " ind2=" " tag="035">
    <subfield code="a">(TxDaGIAL)37741100029664</subfield>
  </datafield>
  <controlfield tag="005">20080624172908.0</controlfield>
  <controlfield tag="001">28962</controlfield>
  <controlfield tag="003">TxDaGIAL</controlfield>
  <datafield ind1=" " ind2=" " tag="852">
    <subfield code="p">37741100029664</subfield>
    <subfield code="a">Library</subfield>
    <subfield code="9">$44.92</subfield>
    <subfield code="x">FUND:M. Langs</subfield>
    <subfield code="x">COPYID:36147</subfield>
    <subfield code="x">FSC@aRegular@c20060320</subfield>
    <subfield code="h">495.8 S933w 2005</subfield>
    <subfield code="z">Direct Pacific Linguistics 3-06</subfield>
  </datafield>
</record>