
<?xml version="1.0"?>
<record>
  <leader>03242cam a2200481 a 4500</leader>
  <controlfield tag="008">060306s2005    at ab    b    000 0 eng  </controlfield>
  <datafield ind1=" " ind2=" " tag="010">
    <subfield code="a">  2006373286</subfield>
  </datafield>
  <datafield ind1=" " ind2=" " tag="020">
    <subfield code="a">0858835568</subfield>
  </datafield>
  <datafield ind1=" " ind2=" " tag="040">
    <subfield code="a">ANL</subfield>
    <subfield code="b">eng</subfield>
    <subfield code="c">DLC</subfield>
    <subfield code="d">TxDaGIAL</subfield>
  </datafield>
  <datafield ind1="0" ind2=" " tag="041">
    <subfield code="a">engmaptglmul</subfield>
  </datafield>
  <datafield ind1=" " ind2=" " tag="042">
    <subfield code="a">lccopycat</subfield>
  </datafield>
  <datafield ind1="0" ind2="4" tag="082">
    <subfield code="a">499.2</subfield>
    <subfield code="2">22</subfield>
  </datafield>
  <datafield ind1="0" ind2="4" tag="245">
    <subfield code="a">The many faces of Austronesian voice systems :</subfield>
    <subfield code="b">some new empirical studies /</subfield>
    <subfield code="c">Edited by I Wayan Arka and Malcolm Ross.</subfield>
  </datafield>
  <datafield ind1=" " ind2=" " tag="260">
    <subfield code="a">Canberra :</subfield>
    <subfield code="b">Pacific Linguistics, Research School of Pacific and Asian Studies, ANU,</subfield>
    <subfield code="c">2005.</subfield>
  </datafield>
  <datafield ind1=" " ind2=" " tag="300">
    <subfield code="a">v, 278 p :</subfield>
    <subfield code="b">ill., maps ;</subfield>
    <subfield code="c">25 cm.</subfield>
  </datafield>
  <datafield ind1=" " ind2="0" tag="440">
    <subfield code="a">Pacific linguistics ;</subfield>
    <subfield code="v">571</subfield>
  </datafield>
  <datafield ind1=" " ind2=" " tag="500">
    <subfield code="a">A compilation of ten papers, on voice in Austronesian languages, which were presented at the Ninth International Conference on Austronesian Linguistics and the Fifth International Conference on Ocean Linguistics. Both these conferences were held at the Australian National University, Canberra in January 2002.</subfield>
  </datafield>
  <datafield ind1=" " ind2=" " tag="504">
    <subfield code="a">Includes bibliographical references.</subfield>
  </datafield>
  <datafield ind1="8" ind2=" " tag="505">
    <subfield code="a">Introduction / I Wayan Arka and Malcolm Ross -- Kelabitic languages and the fate of 'focus': evidence from the Kerayan / Beatrice Clayre -- The Palu'e passive: from pragmatic construction to grammatical device / Mark Donohue -- Passive without passive morphology? Evidence from Manggarai / I Wayan Arka and Jeladu Kosmas -- Two passive-like constructions in Tongan / Yuko Otsuka -- Grammatical relations in Puyuma / Stacy Fang-ching Teng -- Voice, ergativity and transitivity in Tagalog and other Philippine languages: a typological perspective / Matsumi Katagiri -- Aspects of pragmatic focus in Tagalog / Daniel Kaufman -- The richness of Madurese voice / William D. Davies -- Topic continuity, voice and word order in Pendau / Phil Quick -- Semantic analysis of the Moronene verbal prefix moN- / Suree Andersen and T. David Andersen</subfield>
  </datafield>
  <datafield ind1=" " ind2=" " tag="546">
    <subfield code="a">English with examples in tagalog, various Austronesian languages, and other languages.</subfield>
  </datafield>
  <datafield ind1=" " ind2=" " tag="590">
    <subfield code="a">lnd</subfield>
    <subfield code="2">Ethnologue 15 = ISO/DIS 639-3</subfield>
  </datafield>
  <datafield ind1=" " ind2=" " tag="590">
    <subfield code="a">lgi</subfield>
    <subfield code="2">Ethnologue 15 = ISO/DIS 639-3</subfield>
  </datafield>
  <datafield ind1=" " ind2=" " tag="590">
    <subfield code="a">snv</subfield>
    <subfield code="2">Ethnologue 15 = ISO/DIS 639-3</subfield>
  </datafield>
  <datafield ind1=" " ind2=" " tag="590">
    <subfield code="a">mad</subfield>
    <subfield code="2">Ethnologue 15 = ISO/DIS 639-3</subfield>
  </datafield>
  <datafield ind1=" " ind2=" " tag="590">
    <subfield code="a">mqn</subfield>
    <subfield code="2">Ethnologue 15 = ISO/DIS 639-3</subfield>
  </datafield>
  <datafield ind1=" " ind2=" " tag="590">
    <subfield code="a">mqy</subfield>
    <subfield code="2">Ethnologue 15 = ISO/DIS 639-3</subfield>
  </datafield>
  <datafield ind1=" " ind2=" " tag="590">
    <subfield code="a">ple</subfield>
    <subfield code="2">Ethnologue 15 = ISO/DIS 639-3</subfield>
  </datafield>
  <datafield ind1=" " ind2=" " tag="590">
    <subfield code="a">pyu</subfield>
    <subfield code="2">Ethnologue 15 = ISO/DIS 639-3</subfield>
  </datafield>
  <datafield ind1=" " ind2=" " tag="590">
    <subfield code="a">tgl</subfield>
    <subfield code="2">Ethnologue 15 = ISO/DIS 639-3</subfield>
  </datafield>
  <datafield ind1=" " ind2=" " tag="590">
    <subfield code="a">ton</subfield>
    <subfield code="2">Ethnologue 15 = ISO/DIS 639-3</subfield>
  </datafield>
  <datafield ind1=" " ind2=" " tag="590">
    <subfield code="a">ums</subfield>
    <subfield code="2">Ethnologue 15 = ISO/DIS 639-3</subfield>
  </datafield>
  <datafield ind1=" " ind2=" " tag="590">
    <subfield code="a">GIAL-affiliated circulation only.</subfield>
  </datafield>
  <datafield ind1=" " ind2="0" tag="650">
    <subfield code="a">Austronesian languages</subfield>
    <subfield code="x">Voice.</subfield>
  </datafield>
  <datafield ind1="1" ind2=" " tag="700">
    <subfield code="a">Arka, I Wayan.</subfield>
  </datafield>
  <datafield ind1="1" ind2=" " tag="700">
    <subfield code="a">Ross, Malcolm</subfield>
    <subfield code="q">(Malcolm D.)</subfield>
  </datafield>
  <datafield ind1="2" ind2=" " tag="710">
    <subfield code="a">Australian National University.</subfield>
    <subfield code="b">Research School of Pacific and Asian Studies.</subfield>
    <subfield code="b">Pacific Linguistics.</subfield>
  </datafield>
  <datafield ind1="2" ind2=" " tag="711">
    <subfield code="a">International Conference on Austronesian Linguistics</subfield>
    <subfield code="n">(9th :</subfield>
    <subfield code="d">2002 :</subfield>
    <subfield code="c">Canberra, A.C.T.)</subfield>
  </datafield>
  <datafield ind1="2" ind2=" " tag="711">
    <subfield code="a">International Conference on Oceanic Linguistics</subfield>
    <subfield code="n">(5th :</subfield>
    <subfield code="d">2002 :</subfield>
    <subfield code="c">Canberra, A.C.T.)</subfield>
  </datafield>
  <datafield ind1=" " ind2=" " tag="035">
    <subfield code="a">(TxDaGIAL)37741100029663</subfield>
  </datafield>
  <controlfield tag="005">20080624172908.0</controlfield>
  <controlfield tag="001">28963</controlfield>
  <controlfield tag="003">TxDaGIAL</controlfield>
  <datafield ind1=" " ind2=" " tag="852">
    <subfield code="p">37741100029663</subfield>
    <subfield code="a">Library</subfield>
    <subfield code="9">$37.24</subfield>
    <subfield code="x">FUND:M. Langs</subfield>
    <subfield code="x">COPYID:36148</subfield>
    <subfield code="x">FSC@aBOOK-LOCAL@c20060320</subfield>
    <subfield code="h">499.2 M295a 2005</subfield>
    <subfield code="z">Direct Pacific Linguistics 3-06</subfield>
  </datafield>
</record>