
<?xml version="1.0"?>
<record>
  <leader>01512nam a22003615a 4500</leader>
  <controlfield tag="008">060706s2005    at b     b    000 0 eng  </controlfield>
  <datafield ind1=" " ind2=" " tag="010">
    <subfield code="a">  2006389357</subfield>
  </datafield>
  <datafield ind1=" " ind2=" " tag="020">
    <subfield code="a">0858835606</subfield>
  </datafield>
  <datafield ind1=" " ind2=" " tag="040">
    <subfield code="a">ANL</subfield>
    <subfield code="b">eng</subfield>
    <subfield code="c">DLC</subfield>
    <subfield code="d">TxDaGIAL</subfield>
  </datafield>
  <datafield ind1="0" ind2=" " tag="041">
    <subfield code="a">engmap</subfield>
  </datafield>
  <datafield ind1=" " ind2=" " tag="042">
    <subfield code="a">lccopycat</subfield>
  </datafield>
  <datafield ind1=" " ind2=" " tag="043">
    <subfield code="a">ponn---</subfield>
  </datafield>
  <datafield ind1="0" ind2="4" tag="082">
    <subfield code="a">499.5</subfield>
    <subfield code="2">22</subfield>
  </datafield>
  <datafield ind1="0" ind2="4" tag="082">
    <subfield code="a">499.5/95</subfield>
    <subfield code="2">22 expanded</subfield>
  </datafield>
  <datafield ind1="1" ind2=" " tag="100">
    <subfield code="a">Chung, Ying Shing Anthony.</subfield>
  </datafield>
  <datafield ind1="1" ind2="2" tag="245">
    <subfield code="a">A descriptive grammar of Merei (Vanuatu) /</subfield>
    <subfield code="c">Ying Shing Anthony Chung.</subfield>
  </datafield>
  <datafield ind1=" " ind2=" " tag="260">
    <subfield code="a">Canberra :</subfield>
    <subfield code="b">Pacific Linguistics,</subfield>
    <subfield code="c">2005.</subfield>
  </datafield>
  <datafield ind1=" " ind2=" " tag="300">
    <subfield code="a">74 p :</subfield>
    <subfield code="b">maps ;</subfield>
    <subfield code="c">25 cm.</subfield>
  </datafield>
  <datafield ind1=" " ind2="0" tag="440">
    <subfield code="a">Pacific linguistics ;</subfield>
    <subfield code="v">573</subfield>
  </datafield>
  <datafield ind1=" " ind2=" " tag="504">
    <subfield code="a">Includes bibliographical references (p. 72-74)</subfield>
  </datafield>
  <datafield ind1=" " ind2=" " tag="546">
    <subfield code="a">English with interlinear text in Merei language.</subfield>
  </datafield>
  <datafield ind1=" " ind2=" " tag="590">
    <subfield code="a">lmb</subfield>
    <subfield code="2">Ethnologue 15 = ISO/DIS 639-3</subfield>
  </datafield>
  <datafield ind1=" " ind2=" " tag="590">
    <subfield code="a">GIAL-affiliated circulation only.</subfield>
  </datafield>
  <datafield ind1=" " ind2="7" tag="650">
    <subfield code="a">Merei language</subfield>
    <subfield code="x">Grammar</subfield>
    <subfield code="z">Vanuatu.</subfield>
    <subfield code="2">Ethnologue 15</subfield>
  </datafield>
  <datafield ind1=" " ind2="0" tag="650">
    <subfield code="a">Austronesian languages</subfield>
    <subfield code="z">Vanuatu.</subfield>
  </datafield>
  <datafield ind1=" " ind2="0" tag="651">
    <subfield code="a">Vanuatu</subfield>
    <subfield code="x">Languages.</subfield>
  </datafield>
  <datafield ind1="2" ind2=" " tag="710">
    <subfield code="a">Australian National University.</subfield>
    <subfield code="b">Research School of Pacific and Asian Studies.</subfield>
    <subfield code="b">Pacific Linguistics.</subfield>
  </datafield>
  <datafield ind1=" " ind2=" " tag="035">
    <subfield code="a">(TxDaGIAL)37741100034036</subfield>
  </datafield>
  <controlfield tag="005">20080624172909.0</controlfield>
  <controlfield tag="001">28965</controlfield>
  <controlfield tag="003">TxDaGIAL</controlfield>
  <datafield ind1=" " ind2=" " tag="852">
    <subfield code="p">37741100034036</subfield>
    <subfield code="a">Library</subfield>
    <subfield code="9">$21.60</subfield>
    <subfield code="x">FUND:Gram</subfield>
    <subfield code="x">COPYID:36150</subfield>
    <subfield code="x">FSC@aBOOK-LOCAL@c20060804</subfield>
    <subfield code="h">499.595 C559d 2005</subfield>
    <subfield code="z">Direct Pacific Linguistics 573 (Australan National Universit</subfield>
  </datafield>
  <datafield ind1=" " ind2=" " tag="852">
    <subfield code="p">37741100034468</subfield>
    <subfield code="a">Library</subfield>
    <subfield code="9">$0.00</subfield>
    <subfield code="x">FUND:Gift</subfield>
    <subfield code="x">COPYID:36151</subfield>
    <subfield code="x">FSC@aBOOK-LOCAL@c20070119</subfield>
    <subfield code="h">499.595 C559d 2005</subfield>
    <subfield code="z">Gift Jeremiah Chung 10-06</subfield>
  </datafield>
</record>
